2825 4459
1318 157 1540 248 μειο

1419 243 1450 247 ..-
1466 241 1602 248 ψ...-
1625 241 1702 250 Μ

440 329 832 410 inprimisque
875 332 952 390 ad
996 309 1478 391 eorumiaudem
1509 338 1757 408 spectat.
1828 332 2056 407 Neque
2079 329 2411 392 verisimile
2442 338 2550 400 est,

442 438 562 497 alia
606 457 740 496 eum
782 436 1181 514 composuisse
1225 437 1502 496 earmina.
1571 440 1724 497 Nam
1762 455 1916 514 quae
1944 456 1984 495 a
2009 437 2185 520 IffauS.
2216 437 2326 495 IX.
2376 439 2482 497 27.
2511 439 2550 496 2

440 546 766 603 afferuntur
808 538 922 621 ἔπη
969 562 1039 601 ea
1084 542 1217 618 ipsa
1259 544 1333 601 ab
1377 543 1617 620 hymnis
1660 562 1780 602 non
1819 542 2066 601 distant.
2153 542 2384 606 Quibus
2414 560 2578 618 per-,

438 650 588 709 actis
629 640 924 727 reliquum
968 653 1078 719 est,
1125 653 1195 707 ut
1237 669 1316 708 ex
1362 649 1461 707 his
1507 649 1780 708 omnibus
1823 639 2184 707 testimoniis
2228 647 2546 721 imaginem

438 755 709 833 Pamphi,
755 761 1038 833 quantum
1079 755 1209 813 fieri
1258 759 1474 831 potest,
1518 755 1812 832 quandam
1858 755 2292 814 adumbremus.

568 863 779 940 Itaque
822 861 1124 937 Pamphus
1166 861 1234 920 in
1277 861 1607 938 priscorum
1650 860 1889 920 illorum
1931 861 2299 919 sacerdotum
2344 858 2550 919 ordine

433 969 745 1028 habendus
790 974 899 1038 est,
943 967 1048 1045 qui
1091 985 1212 1027 non
1244 967 1439 1026 solum
1483 967 1833 1026 sacerdotali
1861 986 2105 1026 munere
2136 967 2548 1039 fungebantur,

436 1095 644 1134 verum
689 1074 870 1133 etiam
898 1076 1135 1149 poetica
1163 1073 1365 1133 indole
1405 1074 1654 1150 quadam
1686 1073 1944 1148 praediti
1987 1080 2177 1142 erant,
2219 1091 2338 1150 qua
2367 1069 2549 1132 altius

404 1200 532 1246 ‚res
578 1178 811 1239 divinas
854 1179 1348 1256 introspiciebant
1390 1184 1454 1238 et
1494 1179 1854 1238 carminibus
1899 1180 1976 1238 ad
2021 1179 2548 1240 deorum.honores

434 1286 818 1345 celebrandos
842 1305 969 1344 cum
994 1285 1211 1363 populo
1234 1286 1757 1345 communicabant.
1800 1286 2105 1360 Pamphus
2127 1292 2327 1343 autem
2348 1287 2549 1343 noster

433 1391 816 1469 praecipuum
864 1391 1125 1451 studium
1184 1393 1261 1451 ad
1304 1392 1615 1451 Eleusinia
1672 1391 1957 1467 mysteria
2000 1391 2362 1450 carminibus
2394 1386 2544 1448 'illu-

432 1497 673 1557 stranda
715 1498 1079 1555 convertisse
1108 1498 1363 1568 videtur,
1409 1499 1568 1578 quod
1612 1518 1644 1556 e
1673 1498 1966 1571 singulari
1996 1501 2292 1556 momento
2324 1519 2359 1555 a
2388 1498 2542 1556 Pau·

434 1603 601 1662 sania
643 1603 710 1661 in
751 1604 972 1679 hymno
1003 1603 1235 1662 Cereris
1278 1604 1476 1681 posito
1506 1603 2019 1682 recentiorumque
2049 1603 2312 1663 virorum
2342 1603 2542 1662 docto-

429 1729 562 1769 rum
590 1708 811 1768 iudicio
845 1709 1127 1786 sequitur,
1171 1710 1329 1769 inter
1357 1729 1503 1787 quos
1526 1709 1900 1786 potissimum
1926 1706 2175 1767 Sickleri
2207 1708 2329 1784 (1.1.
2353 1728 2413 1784 p.
2430 1706 2545 1792 54)

431 1815 789 1878 mentionem
842 1816 1036 1875 facere
1092 1821 1342 1892 oportet.
1450 1815 1569 1873 Sed
1628 1822 1866 1892 praeter
1922 1817 2079 1874 hunc
2133 1816 2419 1890 hymnum
2477 1815 2542 1874 in

432 1923 705 1982 Cererem
751 1922 901 1980 alios
946 1942 1185 2000 quoque
1227 1924 1483 1999 hymnos
1531 1922 1597 1979 in
1642 1921 1795 1980 alios
1839 1921 1984 1984 deos
2029 1940 2064 1978 a
2091 1922 2368 1996 .Pampho
2411 1940 2543 1980 esse

430 2029 700 2088 conditos
761 2027 1122 2100 Doellinger.
1180 2047 1313 2086 meo
1381 2027 1621 2104 quidem
1689 2027 1913 2085 iudicio
1973 2026 2039 2085 in
2095 2026 2422 2102 praestanti
2479 2036 2542 2087 et

427 2133 738 2209 ingenioso
768 2132 919 2192 libro
949 2129 1384 2215 (Heidenthum
1411 2134 1535 2192 und
1566 2133 1948 2192 Judenthum.
1991 2133 2289 2207 Regensb.
2329 2128 2539 2213 1857.)

428 2258 533 2297 suo
589 2245 751 2298 recte
810 2239 1051 2310 statuit,-
1108 2245 1173 2298 et
1229 2235 1313 2299 ita
1371 2238 1730 2314 explicavit,
1790 2239 1907 2297 alia
1965 2238 2211 2298 numina
2271 2237 2528 2314 exceptis

411 2344 861 2405 Eleusiniorum
908 2345 1320 2422 mysteriorum
1367 2345 1589 2404 deabus
1631 2352 1773 2403 tunc
1825 2347 1899 2402 ab
1944 2344 2186 2421 illorum
2227 2345 2529 2405 initiorum

422 2451 619 2528 poetis
675 2450 837 2509 culta
894 2450 1371 2528 carminibusque
1432 2450 1729 2510 celebrata
1788 2470 1953 2522 esse;
2012 2452 2088 2509 ad
2148 2471 2323 2528 quam
2366 2451 2533 2511 illius

421 2555 788 2629 Doellingeri
834 2557 1195 2616 sententiam
1237 2557 1529 2616 libentius
1573 2558 1805 2627 accedo,
1851 2558 2008 2635 quia,
2056 2561 2124 2616 ut
2168 2558 2236 2618 in
2277 2556 2531 2630 singulis

420 2661 677 2738 Pamphi
716 2661 954 2739 hymnis
996 2664 1548 2733 demonstravimus,
1590 2663 1832 2738 plurimi
1875 2664 2084 2723 horum
2128 2665 2372 2724 deorum
2400 2682 2529 2721 cum

420 2767 655 2826 Cereris
699 2769 941 2828 fortuna
982 2769 1222 2828 vinculo
1267 2771 1522 2847 quodam
1571 2769 1827 2829 connexi
1872 2777 2060 2829 erant.

554 2873 838 2932 Mulieres
860 2875 1150 2950 originem
1172 2875 1385 2934 ducere
1408 2895 1445 2935 a
1467 2875 1734 2950 Pampho
1759 2883 2009 2952 apparet
2031 2896 2063 2934 e
2087 2876 2214 2936 loco
2237 2875 2526 2953 Hesychii

420 2974 521 3062 (cf.
551 2980 735 3038 Henr.
773 2980 977 3057 steph.
1013 3000 1056 3038 s.
1085 3000 1144 3039 v.
1174 2974 1474 3059 Πάμφως
1504 2981 1576 3039 cf.
1607 2981 1784 3039 Prell.
1817 2983 1944 3040 Cer.
1976 2987 2037 3041 et
2066 2984 2227 3041 Pros.
2258 3002 2316 3058 p.
2344 2983 2529 3060 384).

420 3082 755 3163 Πημᾳίὸες
775 3105 795 3166 ⁶*
824 3079 1452 3166 γυναῖκεςᾌθήνῃσιν
1482 3080 1608 3144 ἀπὸ
1637 3079 1921 3164 ΙΙοῖμφου
1956 3083 2024 3145 τὸ
2058 3084 2229 3164 γένος
2260 3082 2526 3164 &oman

419 3188 768 3268 Quanquam
828 3196 1025 3249 autem
1083 3210 1319 3267 operam
1383 3192 1523 3250 dedi
1570 3192 1922 3262 maximam,
1982 3199 2049 3251 ut
2107 3194 2183 3251 ad
2228 3209 2361 3252 eam
2403 3213 2526 3251 rem

416 3297 864 3355 confirmandam
912 3304 1254 3369 argumenta
1302 3298 1513 3356 afferre
1558 3317 1811 3373 possem,
1854 3305 2055 3357 tamen
2085 3318 2372 3377 nusquam
2412 3298 2523 3358 ali-

415 3401 561 3480 quid
623 3403 771 3460 certi
824 3402 975 3461 mihi
1033 3404 1306 3478 contigit.
1395 3405 1527 3462 Hoc
1583 3404 1771 3477 igitur
1825 3405 1892 3463 in
1934 3406 2132 3465 medio
2175 3406 2523 3483 relinquam.

406 3508 688 3566 Ceterum
748 3507 929 3566 huius
988 3509 1389 3587 antiquissimi
1446 3509 1602 3569 vatis
1657 3515 1778 3569 tam
1839 3530 2027 3586 pauca
2074 3513 2407 3586 fragmenta
2448 3512 2524 3571 ad

412 3619 675 3672 nostram
720 3619 974 3673 aetatem
1017 3616 1393 3690 pervenisse,
1439 3629 1795 3693 magnopere
1840 3617 2157 3676 dolendum
2202 3624 2320 3688 est,
2364 3618 2524 3697 quod

413 3719 464 3777 si
510 3718 739 3793 integra
782 3726 987 3779 essent
1023 3725 1259 3781 servata
1298 3721 1588 3793 earmina,
1656 3728 2054 3799 praestantem
2095 3723 2402 3783 materiam
2447 3725 2524 3782 ad

408 3825 885 3885 constituendam
948 3825 1253 3887 historiam
1307 3828 1707 3907 antiquissimi
1766 3829 1961 3889 cultus
2017 3829 2251 3904 ingenii
2311 3829 2518 3888 Graeci

406 3931 585 3989 nobis
625 3937 1006 4008 praestarent.

1146 4065 1197 4076 ...4-
1236 4065 1383 4076 *0*
1395 4065 1780 4078 *ww-“⁶00-
