2825 4459
850 1112 948 1164 Die
1003 1113 1291 1180 sparlichen
1344 1115 1685 1166 Nachrichten
1739 1117 1861 1166 fiber
1914 1115 1993 1165 die
2045 1091 2437 1168 bedentendsten
2527 1125 2538 1134 ⁵

742 1202 958 1254 Minna·
992 1218 1085 1256 aus
1119 1203 1211 1254 der
1242 1203 1548 1256 dunkelooen
1580 1205 1790 1256 vorzeit
1828 1205 1915 1254 des
1950 1203 2272 1258 Alterthum
2303 1205 2437 1270 glai·

740 1290 869 1340 chen
901 1290 999 1340 den
1033 1290 1171 1341 alten
1205 1291 1574 1354 Denkmiileru,
1626 1292 1814 1346 welche
1851 1292 1959 1342 sioh
1997 1292 2146 1344 kaum
2185 1295 2307 1344 iiber
2340 1294 2435 1344 den

743 1378 917 1429 Boden
952 1378 1167 1429 erheben
1210 1380 1313 1429 und
1351 1381 1501 1430 deren
1537 1396 1635 1430 von
1684 1379 1771 1428 der
1804 1380 1940 1429 Erde
1976 1380 2212 1430 bedeckte
2250 1379 2434 1431 Saulen

736 1467 829 1517 der
859 1466 1350 1533 Einbildnngskrast
1381 1469 1468 1518 des
1491 1467 1774 1518 Reisenden
1808 1467 1891 1518 dle
1927 1483 2085 1534 ganne
2118 1470 2270 1519 Ηόὶιο
2301 1463 2435 1519 ειπὲ

742 1556 864 1608 then
887 1556 1070 1608 lassen.
1134 1555 1531 1608 Unwillkt‘irlich
1567 1557 1688 1607 thut
1719 1573 1838 1607 man
1876 1557 2034 1612 selbst
2069 1573 2134 1608 zu
2168 1557 2437 1620 deun-vas

743 1643 825 1693 die
849 1644 1000 1692 Altcn
1025 1659 1195 1707 sagen,
1232 1643 1489 1708 dasjenige
1514 1643 1688 1705 bium,
1724 1660 1825 1695 was
1851 1645 1924 1694 sie
1958 1646 2106 1695 nicht
2127 1661 2294 1709 stigen,
2331 1644 2435 1694 und

742 1748 844 1783 was
880 1746 997 1780 man
1032 1747 1130 1780 nur
1166 1732 1331 1780 ahnen
1365 1731 1518 1780 kann.
1879 1713 1886 1718 ’

1071 1820 1127 1871 C.
1162 1820 1248 1870 Fr.
1276 1815 1639 1881 Heinrich,
1674 1821 2005 1887 Epimenide-
2040 1837 2131 1876 ωε
2161 1822 2332 1874 creta.

317 2105 729 2240 Aliquantum
774 2159 1056 2238 temporis
1112 2159 1179 2228 in
1214 2159 1419 2236 ,studio
1473 2157 1672 2238 poesis
1715 2157 2065 2216 Graecorum
2115 2157 2435 2220 hieraticae

316 2292 445 2331 cum
489 2275 997 2353 consumpsissem,
1029 2297 1169 2335 mox
1211 2274 1418 2333 inveni
1464 2275 1539 2333 de
1582 2272 1889 2331 nonnullis
1932 2272 1996 2331 id
2027 2293 2212 2348 genus
2241 2275 2434 2351 poetis

318 2402 547 2458 tantum
571 2396 861 2476 copiosius
887 2421 923 2459 a
944 2400 1093 2460 viris
1118 2399 1306 2460 doctis
1345 2419 1476 2457 esse
1500 2399 1883 2476 disputatum.
1919 2397 2223 2475 Imprimis
2245 2399 2429 2456 Athe·

314 2522 613 2582 niensium
658 2528 967 2600 poetarum
1010 2525 1186 2583 huius
1230 2524 1462 2598 generis
1510 2524 1661 2583 ratio
1700 2542 1820 2581 non
1865 2522 2013 2580 satis
2070 2526 2165 2580 est
2208 2521 2434 2593 hahita,

315 2663 669 2722 quamquam
712 2666 820 2722 pro
866 2651 1024 2706 certo
1067 2650 1287 2707 habere
1331 2665 1661 2725 possumus,
1704 2646 1974 2704 Athenas
2017 2645 2083 2703 in
2127 2644 2224 2702 his
2255 2646 2430 2703 rebus

312 2766 685 2842 praecipuum
719 2769 909 2827 locum
940 2774 1160 2830 tenere.
1217 2767 1382 2835 Quae
1410 2790 1506 2830 res
1536 2790 1668 2829 cum
1704 2768 2007 2843 colligitur
2036 2788 2112 2826 ex
2143 2787 2230 2839 eo,
2273 2768 2431 2846 quod

313 2889 598 2965 mysteria
639 2891 726 2951 ibi
754 2892 1049 2953 florebant
1077 2895 1402 2966 Eleusinia,
1448 2899 1575 2953 tum
1619 2913 1696 2952 ex
1724 2892 2080 2962 nominibus,
2125 2911 2277 2971 quae
2307 2896 2427 2949 tm-
2464 2864 2470 2870 ι

311 3011 534 3071 duntur
571 3021 873 3091 poetarum
916 3017 1081 3076 illius
1124 3019 1413 3092 regionis,
1478 3018 1763 3094 Pamphi,
1813 3015 2076 3086 Musaei,
2136 3013 2430 3089 Eumolpi.

310 3137 701 3201 Quamobrem
744 3143 852 3201 hos
900 3146 1022 3203 tres
1064 3143 1465 3203 Athenienses
1507 3147 1713 3220 poetas
1756 3141 1823 3200 in
1866 3140 2124 3199 medium
2162 3158 2430 3216 promere

311 3263 560 3324 decrevi.
613 3264 784 3329 Quod
813 3267 1180 3344 propositum
1229 3268 1303 3326 ob
1334 3286 1537 3326 causas
1568 3267 1849 3345 quasdam
1879 3264 2222 3342 inopinatas
2261 3282 2426 3340 pror-

311 3406 411 3445 sus
453 3406 733 3464 peragere
778 3409 899 3449 non
944 3380 1183 3451 licuisse
1228 3389 1378 3450 mihi
1420 3390 1600 3450 valde
1641 3391 1832 3449 deleo.
1911 3388 2200 3464 Eumolpo
2244 3388 2428 3461 igitur

309 3527 464 3570 nunc
520 3510 761 3591 quidem
808 3515 1025 3574 omisso
1070 3535 1240 3590 agam
1284 3515 1359 3574 de
1403 3514 1669 3591 Pampho
1713 3517 1775 3572 et
1817 3515 2092 3582 Musaeo,
2135 3531 2168 3570 e
2210 3509 2425 3589 quibus

307 3635 382 3692 de
426 3635 724 3711 Pampho‚
778 3640 974 3717 quoad
1018 3640 1167 3711 scio,
1225 3639 1415 3698 adhue
1447 3658 1490 3696 a
1540 3636 1795 3695 memine
1839 3636 2030 3693 fusius
2089 3634 2427 3711 expositum

307 3761 429 3830 est3
487 3758 561 3817 de
604 3760 847 3819 Musaeo
892 3761 1136 3840 quidem
1176 3762 1519 3822 Franciscus
1562 3758 1882 3818 Passovius
1944 3760 2256 3835 (Musaeos.
2309 3758 2425 3816 Ur·

305 3881 532 3953 schrift,
574 3882 1042 3961 Uebersetzung,
1085 3886 1435 3959 Einleitung
1478 3884 1602 3942 nnd
1645 3883 1919 3942 critische
1962 3881 2427 3954 Anmerkungen

304 4024 380 4064 zu
423 4005 586 4065 Hero
616 4008 738 4066 und
767 4008 1058 4068 Leander.
1099 4008 1349 4086 Leipzig
1385 4008 1594 4084 1810.)
1639 4006 1871 4067 erudite
1915 4004 2274 4084 disputavit;
2318 4004 2423 4063 sed

2065 4113 2095 4169 'l
