2825 4459
1292 123 1548 215 -.Εἴ

394 295 688 366 inveniri,
748 302 926 373 atque
983 297 1143 354 aeria
1199 296 1307 354 illa
1351 295 1704 372 Triptolemi
1733 295 1815 373 4²)
1861 302 1923 354 et
1968 295 2250 356 Abaridis
2293 293 2508 355 itinera

393 402 738 478 posterioris
784 421 915 461 esse
963 401 1226 475 originis,
1271 410 1471 460 tamen
1515 402 1604 461 ita
1645 401 1903 477 simplex
1950 407 2014 460 et
2043 409 2291 461 natiuae
2330 403 2511 462 rebus

396 483 831 568 accommodata
891 515 985 566 est
1043 510 1189 566 haee
1247 507 1474 580 imago,
1540 513 1605 565 ut
1653 508 1728 566 ad
1774 527 1900 566 eam
1947 510 2343 584 usurpandam
2388 527 2508 567 non

393 614 656 690 potuerit
700 633 820 672 non
864 621 1092 672 mature
1137 613 1353 672 adduci
1399 613 1753 688 Graecorum
1797 603 2121 687 ingenium.

492 708 647 777 ¹Sed
706 725 1019 797 antequam
1074 719 1213 776 huie
1272 718 1456 796 capiti
1528 720 1703 777 finem
1764 719 2165 796 imponamus,
2231 735 2505 777 vasorum

395 844 546 904 quae
590 845 746 884 nune
790 823 1192 884 Britannicum
1223 844 1495 884 museum
1525 825 1810 900 possidet,
1857 825 2219 884 mentionem
2249 824 2513 883 breviter

393 934 587 990 faeere
645 931 840 989 liceat.
869 930 957 1006 4³)
1059 929 1288 993 Quibus
1348 932 1412 989 in
1472 931 1632 988 vasis
1691 932 1842 989 duae
1900 933 2108 991 Musae
2163 930 2509 989 nominibus

402 1034 935 1110 ΤΕΡΨΙΧΟΡΑ,
982 1034 1499 1096 ῘΠΕΛΕΝΟΣΑ
1538 1037 1779 1108 additis,
1824 1045 2012 1095 artem
2045 1036 2330 1094 musicam
2359 1054 2504 1111 poe·

393 1151 515 1199 tam
564 1138 928 1200 MOSAIO
973 1141 1252 1199 docentes
1296 1142 1491 1218 piotae
1538 1147 1707 1212 sunt,
1768 1161 1886 1222 qua
1944 1144 2008 1200 in
2060 1162 2124 1202 re
2169 1141 2511 1215 indaganda

394 1253 455 1307 et
497 1247 802 1305 tractanda
845 1247 1127 1305 acerrimo
1186 1248 1381 1305 studio
1431 1249 1967 1308 exercitatissimus
2010 1255 2186 1326 atque
2207 1284 2214 1302 ι
2233 1246 2502 1321 ingenio·

395 1352 665 1411 sissimus
709 1353 803 1412 vir
847 1352 1196 1412 Welekerus
1225 1348 1310 1436 ⁴4)
1366 1372 1613 1427 magnas
1659 1354 1863 1414 laudes
1908 1355 2141 1412 meruit.

1153 1691 1571 1747 CAPUT
1624 1694 1745 1747 V.

1041 1826 1447 1969 cimam
1509 1891 1866 2012 imsffl.

522 2077 617 2152 En
662 2094 759 2163 iis,
806 2113 954 2170 quae
1000 2095 1220 2152 Graeca
1264 2094 1596 2171 antiquitas
1640 2095 1814 2153 nobis
1846 2096 1956 2153 snb
1986 2096 2218 2153 Musaei
2262 2095 2507 2154 nomine

387 2198 653 2278 reliquit,
699 2199 1055 2257 carminibus
1103 2200 1341 2258 omnino
1387 2209 1544 2259 certe
1584 2201 1850 2275 intelligi
1893 2220 2012 2259 non
2058 2209 2272 2277 potest,
2318 2221 2495 2280 quae-

388 2323 523 2363 nam
554 2305 793 2381 propria
823 2310 887 2363 et
916 2306 1176 2378 genuina
1220 2305 1384 2364 illius
1433 2313 1646 2382 poetae
1677 2313 1886 2365 natura
1931 2316 1994 2365 et
2039 2306 2272 2366 indoles
2301 2307 2497 2376 fuerit,

389 2412 670 2489 quoniam
714 2431 823 2488 per
865 2411 1176 2470 nonnullos
1215 2387 1390 2483 viroS,
1435 2420 1611 2492 prout
1645 2413 1994 2471 Graecorum
2021 2413 2329 2487 ingenium
2360 2431 2496 2489 pro·
2555 2411 2558 2418 ’

388 2517 799 2591 grediebatur,
855 2517 958 2576 illa
1016 2518 1278 2576 curmina
1336 2518 1718 2578 multifariam
1741 2537 1752 2554 ‘
1772 2524 1999 2578 mutata
2041 2525 2102 2578 et
2145 2519 2504 2596 amplificata

389 2643 519 2682 esse
582 2633 738 2682 certe
796 2623 1031 2681 seimus.
1138 2624 1235 2681 Ita
1292 2623 1570 2682 Clemens
1630 2624 1808 2682 Alex.
1868 2632 2067 2683 strom.
2130 2628 2186 2685 6.
2246 2643 2303 2701 p.
2369 2626 2497 2686 745

387 2728 570 2789 tradit
613 2729 900 2804 Hippiam
945 2748 1024 2788 ex
1069 2729 1299 2788 Musaei
1346 2730 1704 2788 carminibus
1749 2750 1835 2801 ea,
1902 2750 2051 2808 quae
2096 2751 2203 2790 suo
2250 2730 2502 2789 oonsilio

387 2841 525 2911 apta
569 2829 808 2904 fuerint,
857 2835 1201 2911 sumpsisse,
1248 2835 1617 2911 disposuisse
1648 2836 1903 2913 indeque
1939 2855 2121 2896 novas
2153 2837 2329 2913 plane
2362 2854 2493 2894 sen·

384 2939 608 3000 tentias
667 2940 964 3011 finxisse3-
1008 2941 1168 2999 haud
1214 2941 1394 2999 dubie
1458 2948 1523 2999 ut
1582 2961 1687 3000 sua
1746 2942 1980 3001 decreta
2024 2943 2138 3001 hoe
2183 2942 2497 3018 splendido

386 3046 624 3105 nomine
670 3047 1007 3122 praeposito
1053 3047 1520 3119 commendaret3
1579 3068 1656 3105 ex
1704 3068 1818 3125 quo
1865 3066 2005 3106 sane
2052 3053 2316 3124 apparet,
2362 3066 2498 3123 pro-

385 3154 541 3213 fecto
603 3157 838 3228 poetam
895 3153 1132 3211 nomine
1177 3153 1407 3211 Musaei
1469 3153 1729 3222 vixisse,
1796 3153 1965 3212 euius
2009 3153 2327 3214 auotoritas
2372 3149 2501 3211 illis

387 3259 750 3335 temporibus
795 3276 1010 3332 magua
1053 3257 1284 3317 fuisset.

517 3366 709 3424 Nemo
767 3369 967 3423 autem
1025 3371 1146 3434 est,
1206 3365 1308 3441 qui
1354 3364 1556 3426 omnia
1600 3365 1894 3435 earmina,
1954 3384 2105 3443 quae
2163 3386 2199 3424 a
2250 3368 2498 3426 Musaeo

384 3469 714 3545 composita
755 3469 849 3528 vel
892 3469 1112 3529 rectius
1157 3470 1268 3527 sub
1297 3468 1527 3529 Musaei
1574 3471 1815 3529 nomine
1861 3472 2021 3546 apud
2063 3476 2296 3531 veteres
2340 3491 2496 3530 eom·

386 3580 795 3645 memorantur,
839 3594 958 3634 non
991 3576 1181 3635 solum
1213 3595 1332 3635 non
1363 3578 1437 3634 ab
1481 3576 1588 3635 illo
1632 3586 1807 3653 poeta
1850 3577 2026 3647 faeta,
2077 3578 2183 3636 sed
2213 3577 2501 3636 nonnulla

436 3699 475 3706 ⁴--
482 3698 751 3705 ...a-m*

524 3752 595 3813 ⁴²)
636 3750 887 3801 Gerhard:
928 3751 1255 3802 Auserlesene
1291 3751 1638 3803 Vasenbilder.
1676 3758 1796 3801 tom.
1832 3748 1899 3801 41
1940 3767 2049 3817 sqq.
2079 3779 2146 3788 —-·
2181 3739 2323 3802 mite
2359 3755 2498 3802 oera-

384 3856 543 3906 mogr.
581 3840 638 3889 T.
676 3837 772 3887 111.
810 3838 881 3905 pl.
917 3836 1167 3891 48-68.

525 3929 594 3988 ⁴⁸)
633 3926 848 3977 Bullett.
886 3926 1006 3976 dell.
1041 3925 1291 3977 Instituto'
1329 3927 1546 3978 areheol.
1583 3925 1734 3979 1845.
1770 3943 1821 3992 p.
1857 3917 2179 3979 Ele—223.

525 4019 595 4078 ⁴⁴)
633 4015 895 4066 XVeleker:
934 4014 1052 4064 Alte
1087 4015 1300 4065 Denkm.
1336 4015 1432 4066 111.
1471 4034 1521 4081 p.
1556 4013 1662 4067 462
1680 4012 1877 4067 --471.
1913 4018 2017 4067 tub.
2054 4011 2251 4067 XXXI.
