2825 4459
1306 174 1452 238 Aa.

1171 262 1264 269 0...-

926 364 985 443 §.
1032 368 1092 430 3,
1190 355 1280 423 Ἱί
1304 373 1393 424 τη
1420 363 1876 456 νογραφιίκ.ό

458 490 707 547 Carmen
725 489 955 566 epicum
980 494 1040 548 et
1061 489 1438 558 didacticum,
1464 490 1620 566 quod
1645 483 2002 547 suh‘Musaei
2027 461 2438 576 nomine'anti·

324 595 543 676 quitati
590 601 793 653 notum
840 600 984 665 erat,
1035 593 1543 672 Jl'etcu·02·9uqt'nv
1586 593 1793 666 fuisse,
1836 615 1954 654 uno
1985 601 2214 655 tantum
2258 597 2440 658 docu-

325 707 521 768 mento
567 703 964 762 demonstrare
1008 720 1355 777 possumuS,
1414 699 1570 777 quod
1631 700 1868 778 quidem
1923 701 2270 780 turpissime
2314 722 2478 762 cor·-

320 787 562 884 ruptum
594 807 868 865 invenies
899 807 1056 883 apud
1084 805 1277 866 Schol.
1311 806 1386 863 ad
1422 805 1613 880 Apoll.
1639 812 1779 878 Arg.
1806 809 1952 867 447.
1979 810 2058 868 23
2084 803 2332 890 (Keil.):
2361 806 2444 894 ⁷⁰)

325 912 392 976 ἓν
437 910 502 972 δὲ
549 917 624 995 τῇ
670 914 707 991 73
751 909 1089 974 ΖΡῙουσωόυ
1142 899 1612 994 Τιταὺογραψίιι
1662 908 1918 988 λέγεται,
1967 905 2048 982 ὦς
2088 905 2345 992 Κάδμος
2382 914 2445 978 ἔκ

328 1020 804 1097 τοῦΔελσῙ-οκοῦ
866 1010 1194 1093 ἐπορεύετο
1258 1013 1857 1094 προκαθηγονμίιης
1904 1013 2075 1076 αὐτῶ
2123 1020 2233 1098 τῆς
2274 1013 2447 1094 βοός.

327 1126 480 1184 Nam
526 1123 645 1182 alia
687 1099 1045 1193 testimonia}
1092 1142 1243 1200 quae
1286 1124 1441 1181 hane
1485 1122 1985 1199 titanographiam
2030 1128 2328 1200 spectant,
2369 1145 2449 1186 ex
2655 1149 2682 1168 ··

324 1232 439 1294 hoo
480 1231 609 1290 loco
654 1229 954 1318 exscripta
984 1250 1113 1287 csso
1145 1227 1531 1290 manifestum
1571 1232 1696 1300 est;
1742 1228 1826 1287 ita
1871 1235 2028 1288 certe
2073 1230 2337 1289 Eudocia
2378 1231 2444 1290 in

325 1337 590 1397 Violario
638 1357 684 1412 s:
728 1330 782 1393 ἦ.
831 1328 1094 1410 Κιίὸμος
1138 1354 1195 1411 p.
1246 1337 1371 1394 248
1423 1338 1483 1393 ct
1517 1334 1768 1393 forsitan
1796 1333 2145 1394 Lactantius
2191 1335 2265 1394 de
2294 1337 2452 1424 falsa

324 1442 618 1517 religione
660 1439 714 1499 I.
759 1461 886 1517 cap.
915 1441 1095 1500 XXI.
1141 1460 1197 1517 p.
1231 1442 1312 1501 78
1353 1434 1680 1523 (Bipont.):
1730 1487 1746 1503 .
1771 1489 1787 1504 .
1812 1489 1828 1504 .
1853 1490 1868 1504 .
1895 1489 1910 1506 .
1944 1441 2157 1512 „huius
2189 1444 2449 1520 capellae

326 1548 487 1612 corio
535 1569 706 1608 usum
752 1568 885 1607 esse
924 1567 1030 1624 pro
1079 1552 1243 1610 scuto
1290 1549 1495 1605 Iovem
1542 1552 1744 1605 contra
1773 1548 2017 1608 Titanas
2063 1548 2448 1610 dimicantem

328 1655 608 1715 Musaeus
653 1658 855 1714 auctor
900 1659 1047 1712 est.“
1135 1652 1326 1711 'Valde
1365 1653 1578 1710 mirum
1613 1658 1704 1710 est
1734 1654 1845 1711 hoc
1875 1652 2002 1712 loco
2035 1663 2170 1731 post
2202 1661 2450 1719 Aratum

246 1771 259 1784 “
327 1781 365 1821 a
406 1760 717 1820 Lactantio
764 1760 982 1819 dictum
1031 1778 1251 1819 nomen
1294 1757 1530 1817 Musaei
1596 1758 1855 1835 simplex
1913 1760 1987 1818 ad
2034 1761 2283 1819 candem
2326 1781 2450 1821 rem

328 1869 746 1943 exponendam
819 1886 950 1924 esse
1029 1865 1388 1936 indicatum;
1466 1845 1744 1941 equidem
1815 1884 2117 1943 nunquam
2178 1866 2452 1944 opinioni

329 1972 752 2049 adstipulabor,
797 1991 950 2051 quae
994 1970 1124 2031 vult
1168 1973 1478 2030 Musaeum
1523 1959 1931 2037 veterrimum,¹
1954 1978 2108 2031 stare
2153 1978 2454 2032 auctorem

333 2077 500 2137 illius
555 2078 732 2136 dicti:
792 2078 966 2137 aliter
1024 2077 1183 2137 enim
1239 2076 1591 2136 Lactantius
1648 2078 1925 2147 Musaeo,
1981 2078 2062 2136 de
2123 2097 2239 2156 quo
2296 2098 2452 2140 nune

335 2184 691 2259 ambigitur,
748 2183 1062 2261 epitheton
1118 2184 1367 2260 propius
1427 2183 1752 2254 definiens,
1816 2188 1884 2242 ut
1941 2182 2008 2243 id
2048 2184 2196 2250 fera.
2220 2203 2454 2262 semper

336 2290 561 2370 ubique
605 2291 693 2362 fit,
737 2294 897 2350 certo
942 2290 1336 2349 adiunxisset.
1401 2292 1616 2368 Itaque
1645 2309 1766 2347 non
1809 2295 2032 2350 temere
2076 2291 2454 2362 affirmamus,

336 2397 652 2460 Lactantio
696 2393 1045 2454 non‘alium
1073 2394 1261 2454 fuisse
1293 2403 1669 2471 praesentem
1699 2402 1876 2474 atque
1906 2397 2214 2455 Musaeum
2247 2398 2451 2473 Ephe-

337 2503 512 2575 sium,
558 2522 733 2580 quem
779 2501 993 2560 scimus
1038 2520 1156 2559 non
1188 2501 1374 2558 multo
1405 2506 1543 2578 post
1572 2502 1813 2559 Aratum
1842 2502 2093 2576 vixisse,
2138 2503 2215 2560 ad
2245 2523 2452 2582 quem·

338 2630 454 2692 que
499 2609 750 2670 subinde
794 2612 1175 2667 revertemur.
1234 2608 1407 2666 Nunc
1441 2606 1494 2665 si
1525 2606 1662 2686 quis
1693 2606 2044 2683 consideret,
2082 2627 2160 2667 an
2191 2609 2456 2685 potuerit

336 2715 617 2775 Musaeus
677 2713 973 2772 eiusmodi
1031 2732 1268 2771 carmen
1327 2713 1564 2790 epicum
1622 2714 1901 2783 condere,
1961 2733 2078 2772 non
2120 2715 2296 2778 facile
2341 2717 2455 2776 hoc

339 2822 740 2881 demonstrare
787 2819 1024 2895 poterit,
1068 2818 1274 2893 legens
1307 2819 1466 2897 quod
1506 2820 1680 2877 Paus.
1712 2819 1882 2878 VIII.
1915 2823 2018 2890 37,
2052 2824 2126 2881 3:
2182 2821 2455 2891 Τιτᾶνας

341 2924 408 2985 δὲ
454 2930 700 3007 πρῶτος
747 2924 832 2996 εἷς
876 2924 1122 3002 ποίησιν
1165 2919 1460 3005 ἐσήγαγεν
1490 2919 1805 3003 Ἵλιιηρος,
1857 2918 2046 2996 θεοὶ-ς
2091 2918 2241 2984 εἶναι
2285 2927 2457 3005 σφεῖς

338 3024 461 3091 ἐπὸ
510 3035 598 3113 τῷ
640 3028 998 3110 καλουμένῳ
1036 3025 1351 3111 Ταρτάρῳ
1396 3030 1574 3088 dixit.
1630 3031 1759 3089 Hoc
1790 3030 1951 3088 enim
1978 3029 2109 3090 loco
2151 3030 2455 3090 enucleate

339 3137 667 3198 Pausanias
712 3135 1016 3212 exprimit,
1062 3136 1306 3194 Titanas
1346 3137 1504 3212 apud
1544 3117 1886 3195 Homerum*
1913 3136 2136 3214 primos
2174 3136 2242 3196 in
2283 3137 2456 3214 poesi
2511 3165 2532 3194 ιι

339 3243 672 3320 procedere,
718 3244 1000 3301 Musaeus
1044 3261 1182 3317 ergo
1239 3242 1492 3319 scriptor
1538 3241 2036 3319 Titanographiae
2080 3242 2291 3302 haberi
2333 3262 2458 3303 non

339 3353 557 3428 potest.
647 3349 923 3407 Ceterum
963 3367 1084 3407 non
1140 3348 1391 3420 infitiar,
1458 3349 1849 3426 temporibus,
1914 3348 2130 3427 quibus
2174 3351 2457 3408 Musaeus
2491 3403 2542 3431 Ι

340 3455 570 3516 vixisse
613 3456 833 3526 fertur,
891 3454 955 3513 in
1013 3454 1359 3514 universum
1419 3455 1494 3512 dc
1551 3454 1868 3532 principiis
1911 3474 2105 3514 rerum
2151 3459 2214 3514 et
2260 3454 2457 3518 causis

340 3560 554 3638 primis
612 3561 968 3632 nonnullas,
1021 3579 1354 3642 quanquam
1415 3563 1692 3622 obscuras
1710 3604 1728 3633 ,
1786 3560 2177 3634 cogitationes
2220 3565 2457 3637 praesto

339 3667 562 3739 fuisse,
629 3667 972 3744 priusquam
1032 3666 1182 3725 tales
1245 3668 1488 3726 deorum
1540 3672 1601 3725 et
1656 3667 1933 3726 Titanum
1991 3665 2457 3744 prosopopoeiae

342 3772 548 3852 quales
591 3773 657 3832 in
700 3772 890 3850 epicis
935 3772 1295 3832 carminibus
1339 3778 1644 3849 apparent,
1688 3771 1830 3832 oriri
1874 3772 2200 3848 potuerint.
2286 3774 2458 3831 Hanc

485 3987 552 4048 ¹⁰)
600 3980 652 4033 ἐν
699 3983 776 4053 τῷ
822 3981 972 4052 τρίτῳ
1019 3981 1104 4047 τῆς
1153 3979 1401 4032 Μουσαίου
1446 3979 1802 4050 Τιτανομαχίας
1849 3980 2033 4031 maluit
2076 3981 2349 4032 Passovius
2396 3980 2457 4032 de

342 4073 550 4125 Musaeo
593 4090 643 4138 p.
681 4069 764 4124 73.
2491 4117 2564 4166 ,δη
2673 4137 2694 4164 ,

2031 4163 2071 4220 4
