2825 4459
1349 133 1435 191 54

466 305 766 366 Nimirum
810 305 1163 384 perdifficile
1208 313 1319 378 est,
1364 327 1603 366 sensnm
1633 326 1842 367 verum
1871 327 1906 366 e
1934 306 2157 367 talibus
2187 308 2454 368 obscuris

332 413 512 472 rebus
569 411 809 484 elicere;
881 413 985 471 sed
1055 411 1231 471 venia
1296 414 1470 476 detur
1532 413 1759 472 recenti
1822 432 1993 472 meae
2047 413 2453 490 explicationi,

335 518 658 578 secundum
701 538 881 598 quam
924 517 1136 593 opinor
1178 517 1321 577 hnic
1375 518 1711 579 sententiae
1757 538 1998 578 sensum
2041 519 2455 579 absconditum

331 622 551 692 inesse,
595 623 699 701 qni
742 623 893 682 mihi
934 627 1175 683 revocat
1219 643 1264 683 s.
1316 624 1646 700 scripturae
1688 626 1871 685 verba
1885 647 1904 684 Ἰε
1949 624 2166 695 „Multi
2209 626 2453 703 quidem

334 735 475 788 sunt
516 729 806 801 advocati,
854 730 961 788 sed
1000 728 1178 805 pauci
1224 729 1401 789 electi
1417 736 1471 802 ‚⁴⁴
1517 750 1669 810 quae
1717 730 2020 790 sententia
2063 749 2101 788 a
2144 731 2451 808 mysteriis

331 835 664 895 Eleusiniis
706 834 952 894 minime
997 834 1195 893 aliena
1235 835 1375 895 fuit.

1083 1029 1142 1107 ἓ.
1191 1031 1252 1094 5.
1343 1022 1696 1106 Κρατῆρ.

465 1151 710 1210 Servius
770 1151 847 1210 ad
890 1151 1067 1226 Verg.
1115 1157 1266 1210 Aen.
1310 1152 1418 1210 VI.
1462 1154 1588 1213 667
1654 1152 1814 1211 solus
1866 1158 1992 1223 est,
2052 1153 2159 1232 qui
2212 1153 2453 1213 Musaei

331 1275 571 1317 carmen
610 1252 955 1335 ,,Κρατήρ“
999 1264 1417 1317 commemorat
1458 1257 1624 1316 hisee
1653 1258 1885 1318 verbis:
1931 1261 2250 1329 „Musaeus
2278 1260 2451 1319 theo-

328 1362 505 1437 logus
563 1362 683 1421 fuit
737 1367 875 1439 post
920 1364 1259 1439 Orpheum,
1319 1367 1385 1421 et
1441 1367 1579 1422 sunt
1620 1362 1824 1422 variae
1868 1365 1945 1423 de
1989 1384 2061 1424 eo
2106 1364 2451 1440 opiniones3

330 1488 471 1528 nam
517 1488 655 1527 eum
697 1468 805 1527 alii
833 1467 978 1527 Lini
1020 1468 1228 1539 filium,
1272 1468 1378 1526 alii
1409 1467 1635 1544 Orphei
1673 1469 1902 1540 volunt,
1946 1469 2116 1529 cuius
2147 1490 2282 1530 eum
2311 1489 2451 1538 con·

332 1578 454 1634 stat
481 1573 672 1633 fuisse
703 1574 1091 1650 discipulum;
1139 1593 1277 1632 nam
1307 1574 1384 1632 ad
1413 1574 1613 1650 ipsum
1641 1574 1900 1651 primum
1930 1595 2164 1634 carmen
2193 1575 2454 1653 scripsit,

331 1682 489 1759 q'uod
533 1679 867 1757 appellatur
909 1680 1163 1739 Crater.“
1247 1681 1339 1739 De
1384 1681 1497 1739 hac
1536 1699 1602 1738 re
1648 1682 1958 1739 audiamus
1987 1682 2278 1741 Lobeckii
2316 1701 2450 1741 sen·

328 1785 599 1857 tentiam,
645 1785 750 1863 qui
790 1785 858 1844 in
903 1785 1198 1862 Aglaoph.
1243 1804 1302 1862 p.
1335 1788 1502 1873 376:
1548 1786 1644 1845 vir
1685 1786 2039 1862 praeclarus,
2082 1787 2302 1866 inquit,
2343 1787 2451 1867 qui

329 1893 444 1951 hoc
464 1890 811 1951 testimonio
833 1896 1134 1968 permotus
1157 1891 1460 1950 craterem
1482 1891 1717 1949 Musaei
1739 1892 2098 1951 carminibus
2120 1893 2453 1970 adscripsit,

331 1998 616 2057 concedet
670 1996 851 2068 mihi,
920 1997 1162 2072 Orpheo
1218 1994 1419 2072 potins
1474 1996 1894 2056 vindicandum
1951 1998 2167 2058 videri.
2254 1998 2454 2058 Verba

334 2109 709 2163 controversa
770 2135 854 2146 —-
913 2121 1051 2160 nam
1111 2102 1189 2160 ad
1245 2101 1445 2177 ipsum
1487 2102 1745 2178 primum
1789 2122 2025 2163 carmen
2069 2104 2313 2181 scripsit
2362 2138 2447 2150 -

330 2208 417 2268 sic
460 2207 841 2284 interpretor,
900 2207 965 2266 in
1009 2207 1365 2284 quibusdam
1422 2209 1748 2268 carminum
1792 2210 2183 2286 Orphicorum
2227 2210 2446 2271 editio-

329 2313 510 2373 nibus
556 2315 853 2373 Craterem
883 2315 1131 2372 Musaeo
1161 2312 1515 2388 inscriptum
1552 2314 1810 2390 primum
1841 2315 2174 2375 obtinuisse
2203 2317 2448 2376 locmn.“

329 2415 490 2483 Quid
533 2418 617 2478 sit
658 2438 888 2490 causae,
933 2438 1052 2497 qua
1093 2418 1274 2478 nixus
1303 2419 1661 2491 Lobeckius,
1705 2421 1877 2481 cuius
1911 2422 2164 2480 scientia
2204 2422 2445 2482 univer-

328 2523 443 2584 sali
459 2568 475 2596 ‚
535 2524 784 2599 ingen-io
841 2524 1067 2584 eximio
1129 2525 1562 2603 praecipuaque
1619 2526 2073 2603 perspicacitate
2131 2526 2447 2588 admiratio

327 2650 463 2691 mea
507 2630 787 2690 continuo
833 2631 1155 2702 excitatur,
1200 2629 1267 2689 in
1310 2632 1423 2691 hoc
1466 2630 1594 2690 loco
1639 2632 2082 2708 interpretando
2127 2632 2446 2693 difficulta-

326 2741 454 2809 tes,
514 2756 666 2816 quae
723 2756 930 2796 revers
991 2736 1236 2796 minime
1296 2742 1495 2809 erant,
1553 2737 1753 2797 inesse
1797 2738 2077 2815 opinatus
2125 2739 2238 2812 sit,
2279 2738 2447 2798 nullo

326 2843 505 2903 modo
565 2843 758 2901 adhuc
816 2843 1151 2919 perspicere
1211 2862 1381 2920 queo.
1471 2844 1910 2904 Sententiarum
1968 2843 2345 2904 cohaerentia
2386 2848 2449 2903 et

328 2968 538 3009 sensus
581 2948 819 3008 affatim
864 2950 1290 3020 demonstrant,
1334 2947 1434 3008 his
1477 2948 1543 3008 in
1584 2948 1787 3008 verbis
1831 2984 1914 2993 —
1946 2969 2085 3009 nam
2128 2947 2445 3027 adipsum

327 3055 586 3132 primum
629 3074 866 3114 carmen
896 3053 1138 3131 scripsit
1168 3073 1221 3111 e.
1252 3073 1309 3132 q.
1340 3074 1387 3113 s.
1431 3088 1521 3099 —-
1566 3057 1877 3114 Musaeum
1924 3074 2058 3114 esse
2097 3055 2448 3126 subiectum,

329 3180 483 3241 quae
511 3161 836 3239 explicatio
866 3180 999 3220 cum
1030 3158 1412 3236 grammatica
1440 3159 1672 3220 ratione
1704 3160 1948 3220 minime
1977 3167 2228 3237 pugnat.
2298 3159 2445 3225 Qui·

325 3268 441 3326 bus
484 3266 774 3327 absolutis
817 3271 1021 3338 restat,
1069 3270 1139 3326 ut
1180 3264 1363 3324 huius
1403 3265 1682 3325 carminis
1713 3285 1950 3325 sensum
1981 3267 2283 3344 proprium
2313 3286 2445 3344 per-

324 3377 671 3433 scrutemur.
713 3374 1013 3454 Equidem
1032 3371 1336 3432 censentio
1349 3372 1800 3431 Eschenbachio
1812 3372 2068 3449 Epigen.
2091 3375 2167 3432 de
2189 3373 2448 3450 Orphica

324 3480 499 3557 poesi
539 3498 598 3557 p.
643 3481 748 3551 62,
795 3479 899 3558 qui
943 3481 1054 3539 sub
1096 3466 1212 3537 hoc
1255 3478 1503 3536 obscuro
1546 3476 1725 3538 titulo
1771 3478 2095 3553 significari
2140 3497 2443 3555 cosmogo·

324 3584 485 3645 niam
530 3589 701 3662 putat
716 3629 732 3657 ‚
789 3585 887 3645 cui
926 3584 1255 3645 sententiae
1298 3585 1373 3643 de
1418 3583 1631 3644 mundi
1674 3584 1902 3659 origine
1943 3590 2213 3645 veterum
2261 3585 2443 3645 Grac·

328 3710 526 3750 corum
557 3690 759 3767 opinio
789 3691 969 3768 plane
1000 3691 1246 3751 accedit.
1307 3690 1782 3769 Antiquissimae
1812 3692 1971 3750 enim
2015 3691 2445 3765 cosmogoniae‚

327 3816 478 3876 quae
523 3797 686 3873 apud
724 3791 1061 3857 Hesiodum
1105 3802 1167 3857 et
1198 3796 1662 3872 Aristophanem
1706 3796 2005 3873 leguntur,
2050 3817 2341 3858 summam
2383 3804 2447 3857 ct

324 3902 578 3981 primam
609 3923 803 3964 rerum
834 3924 1069 3965 causam
1098 3924 1219 3964 non
1249 3905 1426 3964 deum
1452 3904 1708 3982 aliquem
1734 3910 2021 3977 statuunt,
2053 3905 2160 3964 sed
2183 3903 2442 3963 omnium

325 4029 521 4070 rerum
563 4010 864 4090 principia
893 4013 1182 4090 quaedam
1210 4010 1541 4070 materialia
1569 4015 1817 4088 ponunt,
1863 4010 2080 4090 quibus
2108 4009 2440 4088 appetitum
