2825 4459
1333 147 1420 206 45

314 322 480 402 quod
520 320 749 399 pluries
790 322 950 381 idem
996 327 1322 394 mmet,
1364 319 1640 382 Pleiades
1676 319 1926 381 diotasf‘
2013 321 2186 385 Quod
2214 320 2434 382 attinet

320 429 396 487 ad
439 429 552 487 hoc
592 427 1006 502 fragmentum,
1052 445 1173 487 uon
1217 445 1433 506 sequor
1473 427 1840 508 Pannonium,
1885 428 1994 505 qui
2023 427 2088 486 in
2115 405 2158 486 1}
2185 428 2225 487 L
2254 447 2314 505 p.
2346 431 2431 489 w

310 535 526 607 fragm.
563 535 663 593 14.
709 533 1017 592 Musaeum
1048 529 1218 607 legit,
1265 535 1369 593 sed
1400 534 1754 596 Muellerum
1795 534 2007 607 fragm.
2051 533 2196 593 hist.
2242 553 2430 608 graec.

319 645 461 700 tom.
492 639 611 698 ΙΠ.
638 623 709 715 μ’
735 641 877 700 156.
915 639 1124 715 fragm.
1152 642 1276 710 42„
1320 640 1426 718 qui
1455 639 1770 699 lectionem
1801 641 2143 710 „Mmseas“
2172 640 2430 716 praebet.

310 746 436 805 Ἠὶο
476 746 753 806 Mnaseas
797 745 1102 804 Patrensis
1160 746 1260 804 vel
1316 747 1641 805 secundum
1698 745 1850 804 alios
1890 745 2232 805 Patarensis
2273 746 2432 806 inter

308 852 512 911 marios
556 847 688 909 eius
730 849 991 910 nominis
1035 850 1189 911 vinos
1226 851 1287 910 is
1328 871 1462 912 esse
1503 852 1755 922 videtur,
1801 870 1975 929 quem
2015 851 2434 925 Eratosthenis
2557 903 2561 907 Α

306 953 676 1033 discipulum
723 955 869 1015 dicit
911 955 1125 1015 Suidas
1172 977 1217 1017 s.
1262 975 1317 1015 v.
1356 952 1838 1035 Ἐρατοσθένης.
1923 959 2068 1035 Ipse
2098 956 2434 1034 composuit

317 1059 877 1139 Hepnjyvymv-sive
921 1060 1314 1138 Περίπλουν,
1374 1063 1546 1122 cuius
1602 1068 1802 1139 partes
1859 1062 2182 1140 inscriptae
2219 1070 2426 1122 erant:

317 1163 616 1245 Εὐρώπη,
659 1163 856 1241 Ἀσία,
905 1161 1171 1245 Λιβύης
1229 1187 1300 1227 eo
1338 1185 1518 1245 opere
1561 1172 1764 1228 terras·
1790 1168 1940 1228 mari
1981 1168 2216 1228 interno
2259 1169 2426 1229 adia-

306 1277 516 1334 ·centes
571 1275 659 1333 ita
715 1273 951 1333 videtur
1001 1274 1431 1349 perlustrasse,
1483 1279 1553 1336 ut
1609 1293 1989 1353 quaecunque
2045 1276 2123 1334 ad
2165 1275 2428 1348 origines

310 1381 566 1451 urbium,
610 1381 686 1438 ad
716 1381 973 1440 locorum
1001 1371 1295 1439 mirabilia
1323 1380 1690 1460 fabulasque,
1733 1382 1809 1439 ad
1839 1399 2032 1440 mores
2075 1382 2429 1459 populorum

205 1510 210 1514 ·
315 1488 675 1564 deorumque
719 1486 944 1546 cultum
991 1490 1278 1562 spectant,
1327 1486 1533 1546 sedule
1569 1487 1898 1560 colligeret.
1969 1487 2144 1547 Inter
2183 1507 2428 1563 geogr·-

312 1596 466 1671 phos
506 1595 805 1652 Mnaseam
849 1597 1119 1653 recenset
1154 1593 1461 1666 Forbigcr.
1493 1587 1578 1676 ⁶⁶)
1622 1598 1945 1669 praeeunte
1989 1593 2266 1653 Uckerto.

532 1728 593 1817 e)
636 1735 773 1792 Non
817 1732 1053 1792 diversa
1098 1735 1173 1792 ab
1217 1723 1447 1811 Hygini
1487 1732 1816 1792 narratione
1871 1732 2017 1792 dicit
2064 1731 2427 1804 Scholiaste's

314 1842 389 1900 ad
438 1839 708 1899 German.
757 1835 991 1898 Caesar.
1040 1843 1201 1898 Arat.
1239 1841 1383 1899 254.
1432 1840 1499 1898 Τ.
1535 1842 1589 1899 2.
1634 1858 1692 1915 p.
1726 1842 1839 1900 65:
1883 1841 2199 1910 „Musaeus
2242 1841 2429 1900 refert

315 1941 466 2004 filias
511 1944 775 2005 Atlantis
819 1945 1005 2003 fuisse
1053 1951 1299 2022 septem,
1345 1964 1422 2002 ex
1470 1943 1686 2023 quibus
1727 1964 1833 2003 sex
1881 1944 2071 2003 clarae
2116 1952 2268 2017 sunt,
2310 1965 2428 2004 una

320 2052 779 2129 obscura-quod
822 2051 937 2110 hoc
981 2051 1110 2110 loco
1155 2056 1385 2110 tantum
1420 2071 1608 2110 sermo
1656 2056 1747 2109 est
1793 2052 1866 2109 de
1900 2059 2128 2126 septem
2161 2051 2424 2110 Atlanti-

314 2156 419 2227 dis,
467 2176 617 2238 quae
664 2162 804 2234 post
842 2158 1123 2235 Hyadum
1168 2157 1478 2217 interitum
1510 2155 1713 2224 dolore
1743 2162 2008 2216 mortuae
2042 2161 2234 2216 sunt.“
2289 2155 2422 2215 Hoc

309 2281 551 2341 quoque¹
569 2264 979 2338 fragmentum,
1017 2283 1148 2322 cum
1179 2283 1215 2322 a
1246 2263 1556 2340 superiori,
1589 2263 1746 2342 quod
1773 2263 2056 2323 Mnaseas.
2087 2263 2420 2334 tribuimus,

308 2369 573 2444 disiungi
602 2376 871 2447 nequeat,
913 2389 1036 2428 non
1065 2369 1296 2429 Musaei
1325 2370 1680 2443 theogoniae
1710 2364 1795 2452 ⁰⁶)
1824 2371 2112 2442 adscribo,
2143 2368 2419 2447 quoniam

300 2475 407 2536 illo
458 2475 667 2535 Schol:
694 2475 822 2535 loco
866 2495 985 2536 non
1028 2478 1327 2547 Musaeus,
1373 2475 1479 2534 sed
1509 2477 1783 2535 Mnaseas
1812 2475 2104 2551 legendus
2133 2480 2240 2535 est.
2299 2474 2419 2534 Sed

308 2582 360 2640 si
406 2582 539 2661 quis
582 2601 703 2640 non
744 2582 1076 2657 intelligat,
1137 2583 1428 2661 quomodo
1486 2601 1594 2658 pro
1639 2601 1779 2641 voce
1825 2577 2133 2651 ΙΙῚνασὲας
2177 2580 2417 2658 saepius

310 2687 638 2756 Μουσαῖος
668 2685 789 2763 legi
819 2677 1100 2765 potuerit,
1146 2708 1282 2747 eum
1310 2686 1647 2762 relegamus
1676 2688 1755 2746 ad
1799 2687 1867 2746 G.
1897 2688 1948 2746 Ι.
1977 2686 2182 2746 Vossii
2210 2686 2417 2746 histor.

310 2792 512 2852 Graec.
557 2789 662 2852 lib.
705 2795 756 2852 I.
800 2813 858 2871 p.
908 2798 1050 2865 134,
1093 2794 1196 2853 ubi
1239 2793 1488 2853 dicitur:
1536 2793 1739 2853 sedin
1765 2794 2255 2870 Harpocrationis
2282 2794 2415 2853 loco

304 2904 569 2976 corrupte
612 2905 861 2959 vocatur
905 2897 1268 2968 Μιάσαιάς.
1361 2897 1512 2963 Quis
1557 2920 1695 2958 vero
1742 2900 2013 2975 negabit,
2067 2919 2145 2959 ex
2204 2901 2316 2959 hac
2358 2920 2414 2958 v.

310 3002 648 3075 Mmautug
687 3005 973 3065 facillime
1026 3003 1354 3076 Μουσαῖος
1403 3005 1659 3065 existere
1711 3004 2017 3082 potuisse?
2062 3040 2149 3049 -

505 3139 601 3228 f)
649 3145 831 3204 Aliud
889 3131 1285 3222 fragmentum
1346 3167 1463 3225 quo
1520 3147 1752 3210 Fabric.
1811 3146 1955 3206 bibl.
1999 3166 2201 3222 graec.
2246 3147 2315 3208 Τ.
2361 3147 2411 3210 Ι.

299 3268 355 3326 p.
406 3253 526 3311 121
575 3258 636 3310 et
681 3252 1004 3311 Passovius
1048 3273 1105 3331 p.
1152 3256 1256 3316 69.
1298 3254 1409 3329 frg.
1447 3257 1526 3314 12
1570 3254 1949 3330 theogoniam
1978 3251 2211 3315 Musaei
2255 3273 2411 3340 com-

286 3356 636 3432 Jprobarunt,
681 3363 974 3417 servatum
1020 3366 1115 3418 est
1156 3359 1316 3436 apud
1359 3358 1553 3419 Schol.
1608 3361 1684 3419 ad
1727 3360 1927 3437 Apoll.
1973 3366 2114 3436 Arg.
2157 3380 2216 3440 p.
2262 3363 2411 3421 449.

288 3463 381 3522 -19
429 3456 676 3545 (Keil.):
722 3459 788 3521 ἐν
820 3470 949 3534 τοῖς
980 3462 1065 3534 εἷς
1097 3463 1436 3534 ΙΙΙουσμῖον
1481 3461 1989 3545 ἀναφερομένοις,
2033 3462 2148 3528 δύο
2199 3462 2407 3543 ἱστορ-

298 3568 508 3628 οῦνται
541 3564 799 3645 γενέσεις
834 3567 1151 3630 ΠΙοιπιῦν·
1198 3566 1634 3648 πρεσβυτέρων
1676 3567 1791 3646 μὲν
1818 3565 1977 3646 μετὰ
2017 3574 2124 3630 τοῦ
2161 3565 2409 3654 Κρόνος)

284 3668 675 3749 φειδομένων·
726 3671 1038 3750 iacun-'prm'
1078 3672 1170 3749 δέ,
1223 3678 1347 3734 τῶν
1386 3673 1450 3734 ἐκ
1494 3669 1654 3745 Διὸς
1696 3672 1797 3736 καὶ
1834 3672 2402 3756 M›·t;feoo1'wqc.'-——

436 3933 505 4018 65)
539 3933 826 3986 Handbuch
861 3936 909 3986 d.
946 3937 1035 3987 alt.
1075 3939 1360 4018 Geograph.
1397 3935 1440 3989 Ι.
1475 3955 1525 4005 p.
1557 3934 1682 3991 239.
1765 3957 1775 3968 ·

437 4037 506 4102 ⁰⁶)
542 4041 750 4093 Passov.
787 4042 824 4093 1.
858 4039 897 4094 1.
933 4059 984 4109 p.
1023 4040 1107 4094 71.
1144 4044 1295 4110 frgm'.
1331 4039 1418 4095 15.
