2825 4459
1308 127 1440 214 ‚⁴7

338 298 658 375 theogonia
699 311 973 358 manasse
1001 303 1164 359 natas
1194 301 1446 376 eumque
1478 306 1720 360 secutus
1763 304 1856 359 est
1894 300 2218 361 Passovius
2262 319 2321 378 p.
2351 303 2459 362 67.

340 406 457 480 frg.
504 408 563 465 9.
650 386 969 464 Nonnullis
1012 403 1308 481 prioribus
1351 405 1500 465 locis
1544 406 1900 492 medicinam
1943 406 2302 477 atmlimus„
2324 425 2457 466 oum

342 510 809 571 ostendissemus
854 530 927 570 ea
967 523 1088 569 non
1132 511 1402 574 immissa
1445 531 1577 571 esse
1608 532 1646 571 a
1669 497 1935 582 Musaeo,
1978 512 2086 571 sed
2125 531 2159 571 a
2190 513 2456 572 Mnasea.

346 617 457 676 Sin
514 623 719 678 autem
771 616 871 674 hic
930 617 1111 676 etiam
1169 618 1379 677 eodem
1436 618 1610 676 modo
1655 618 2102 694 procederemus
2117 659 2136 687 ,
2194 617 2457 693 suspicio

340 723 660 783 lectoribus
705 721 847 784 eriri
888 727 1110 799 posset,
1156 723 1315 801 quod
1342 724 1801 783 Eratosthenem
1827 723 2113 784 extitisse
2157 725 2457 784 doctorem

341 831 623 889 Mnaseae
670 849 702 886 c
730 829 970 890 ..Suidae
1017 829 1255 906 seriptis
1299 828 1521 888 elucet:
1582 849 1704 889 m
1762 830 1924 889 enim
1975 828 2156 888 facile
2197 829 2459 892 ereditur
2525 859 2534 868 ·

341 935 686 1011 magistrum
750 934 1028 1011 discipuli
1074 934 1489 998 auctoritatem
1547 935 1787 995 maioris
1832 935 2122 995 momenti
2165 934 2457 1011 posuisse.

341 1041 566 1100 Verum
621 1060 755 1099 cum
813 1041 986 1099 nobis
1044 1041 1162 1099 iam
1218 1044 1452 1100 constet
1508 1036 2044 1118 καταστερισμοὺς
2103 1061 2182 1100 ex
2241 1041 2457 1119 quibus

343 1148 455 1206 hoc
493 1148 901 1221 fragmentum,
934 1148 1173 1207 ductum
1205 1151 1316 1218 est,
1357 1166 1480 1205 non
1503 1165 1637 1208 esse
1665 1146 2045 1206 tribuendum
2074 1147 2459 1210 Eratostheni

342 1252 480 1332 ipsi,
528 1253 634 1311 sed
677 1252 831 1311 nihil
873 1252 1039 1311 uliud
1083 1271 1234 1323 esse,
1280 1271 1456 1329 quam
1489 1252 1841 1312 recentioris
1885 1253 2256 1327 grammatici
2299 1272 2456 1313 oom-

338 1359 646 1436 pendium,
677 1357 761 1435 ⁶⁷)
804 1358 959 1417 nihil
1002 1358 1239 1417 credere
1266 1367 1435 1417 vetat
1465 1359 1679 1417 eodem
1707 1359 1819 1417 hoc
1848 1359 2023 1418 modo
2053 1360 2276 1424 factum
2304 1378 2457 1431 esse,

340 1471 409 1524 ut
452 1464 634 1526 etiam
675 1464 905 1542 aliquid
948 1484 1027 1523 ex
1056 1466 1335 1524 Mnaseas
1362 1464 1537 1524 libris
1574 1464 1639 1523 in
1685 1463 1967 1541 seriptum
2011 1485 2459 1539 „autumnum-

339 1568 486 1646 poss‘
528 1575 834 1645 receptum
880 1570 978 1630 sit.
1066 1570 1239 1629 Unde
1283 1570 1462 1629 facile
1508 1570 1883 1641 concluseris,
1925 1590 2143 1632 nomeu
2173 1572 2455 1630 Mnaseae

340 1675 409 1735 in
452 1675 686 1735 Musaei
729 1681 1019 1735 mutatum
1072 1695 1242 1747 esse,
1300 1676 1579 1754 quoniam
1638 1675 1974 1735 dubitatum
2019 1681 2113 1735 est
2156 1677 2458 1738 doctorem

341 1780 655 1859 implorare
715 1780 999 1858 discipuli
1057 1781 1469 1842 adiumentum
1525 1783 1601 1840 ad
1659 1782 2006 1840 firmandam
2048 1799 2217 1840 suam
2260 1781 2456 1858 ipsius

344 1887 714 1951 sententiam.
785 1891 1220 1961 Argumentum
1251 1895 1520 1947 nostrum
1547 1887 1796 1947 adiuvat
1824 1886 2028 1946 Muell.
2062 1888 2271 1961 fragm.
2315 1887 2456 1947 hist.

344 1994 549 2054 Graec.
580 1994 698 2054 III.
740 2013 800 2071 p.
837 1996 979 2054 156.
1018 1995 1131 2070 frg.
1161 1997 1264 2054 42.
1310 2014 1443 2053 cum
1490 1993 1651 2053 dicat
1693 2012 1836 2070 prae
1863 1992 2096 2069 Hygini
2124 1987 2210 2075 68)
2251 1992 2456 2054 verbis

341 2102 594 2160 fortasse
638 2101 915 2161 Mnaseas
958 2119 1066 2176 pro
1096 2101 1345 2160 Musaeo
1387 2100 1798 2178 reponendum
1841 2118 1992 2170 esse,
2036 2098 2259 2178 quippe
2304 2117 2455 2177 quae

336 2207 525 2266 verba
567 2209 847 2266 Mnaseae
891 2205 1136 2281 ingenio
1183 2206 1408 2283 optime
1457 2206 1826 2265 conveniant.

1101 2345 1161 2425 ξ.
1211 2345 1269 2408 2.
1359 2343 1695 2425 Σφαῖρα.

475 2453 746 2512 Secundo
821 2451 951 2511 loco
1027 2452 1352 2512 carminum
1419 2452 1718 2530 epicorum
1782 2452 2016 2511 Musaei
2080 2449 2456 2509 nominamus

343 2564 635 2639 σφαῖραν,
684 2578 878 2637 quam,
922 2565 991 2618 ut
1035 2563 1212 2617 antea
1253 2559 1547 2629 vidimus,
1602 2563 1887 2617 memorat
1928 2558 2102 2631 Diog.
2145 2553 2344 2616 Laert.
2387 2555 2457 2615 in

342 2682 598 2739 prooem.
650 2669 702 2723 1.
748 2665 786 2724 3
834 2712 850 2727 .
882 2711 898 2726 .
931 2711 946 2727 .
979 2712 995 2727 .
1026 2662 1354 2742 θεογονίαν
1400 2662 1497 2721 καὶ
1549 2670 1825 2743 σφαῖραν
1880 2665 2129 2740 πρῶτον
2175 2663 2453 2741 ποιῆσαι.

474 2768 736 2828 Primum
784 2769 1102 2847 quaeritur,
1155 2768 1297 2848 quid
1342 2770 1489 2830 haec
1533 2765 1651 2828 sibi
1680 2768 1830 2829 velit
1861 2774 2115 2850 σφαῖρα.
2157 2768 2234 2826 In
2261 2766 2456 2826 initiis

344 2873 592 2950 sphaera
639 2874 810 2949 vulgo
859 2871 1351 2934 oblectamentum
1402 2871 1666 2935 ludentis
1708 2873 1993 2951 Dionysii
2035 2869 2208 2950 pueri
2249 2871 2458 2946 fertur,

341 2978 512 3040 cuius
556 3000 698 3039 usus
744 2980 947 3039 statim
992 2980 1056 3039 in
1098 2977 1296 3041 oculos
1327 2979 1592 3040 incurrit.
1623 2975 1709 3064 ⁶⁹)
1801 2977 1931 3044 Quo
1978 2979 2314 3053 significatu
2344 2978 2456 3037 hoc

336 3083 471 3145 loco
519 3087 851 3164 sphaeram‘
872 3085 1120 3146 minime
1174 3085 1637 3162 intellegendam
1682 3085 1942 3145 refutare
1987 3104 2137 3161 opus
2173 3103 2298 3143 -non
2343 3086 2456 3143 cst.

338 3191 655 3251 Praeterea
685 3211 920 3251 carmen
950 3191 1190 3271 aliquod
1222 3193 1472 3269 sphaera
1501 3191 1702 3252 vocari
1731 3195 1945 3269 potest,
1992 3189 2237 3249 simulac
2266 3190 2456 3249 forma

342 3286 505 3373 g'lobi
534 3313 641 3374 par
670 3305 779 3368 est,
827 3297 981 3358 sicut
1014 3296 1211 3356 Schol.
1242 3297 1573 3374 Hephaest.
1615 3299 1689 3357 de
1718 3302 1886 3359 metr.
1915 3315 1974 3373 p.
2007 3297 2107 3358 54.
2154 3301 2451 3377 σφαῖραν,

342 3397 614 3475 πέλεκυν,
669 3397 905 3480 θρόνον
950 3402 1225 3474 carmina,
1273 3422 1427 3483 quae
1472 3403 1799 3479 generatim
1841 3407 2158 3472 vocantur,
2201 3401 2455 3477 figurata

342 3508 744 3578 enumeravit,
804 3527 920 3585 quo
978 3505 1216 3567 nomine
1262 3508 1586 3587 Orphicum
1641 3505 1794 3568 illud
1848 3527 2081 3568 carmen
2127 3506 2455 3567 Salmasius

484 3666 552 3726 ⁸³)
586 3665 923 3734 neruum*
959 3627 1371 3720 Eratostheni&
1398 3667 1568 3720 seror
1606 3663 1762 3720 1832.
1797 3683 1848 3731 p.
1886 3662 1990 3717 114
2024 3682 2135 3733 qq.

483 3753 551 3814 ⁸⁸)
587 3753 747 3804 fabul.
781 3735 904 3805 astr.
938 3753 1008 3804 H.
1046 3751 1114 3806 13
1150 3739 1424 3816 (Munck'.)=
1465 3755 1701 3805 Musaeus
1725 3758 1892 3804 autem
1918 3754 2046 3806 dicit
2079 3753 2250 3805 Iovem
2286 3753 2453 3804 nutri·
2569 3755 2604 3784 ·“

333 3844 451 3896 ,tum
487 3858 518 3891 a
552 3837 796 3892 Themide
829 3845 880 3892 et
914 3841 1185 3893 Amalthea
1218 3843 1461 3911 nympha,
1498 3842 1682 3909 quibus
1718 3858 1834 3893 eum
1868 3846 2028 3891 mater
2053 3841 2160 3907 Ops
2184 3840 2453 3891 tradidisse

339 3927 674 3980 existimatur.

483 4017 552 4079 ω)
587 4017 818 4069 Creuzer.
856 4018 1083 4086 Symbel.
1119 4023 1243 4070 tom.
1279 4017 1378 4069 111.
1414 4033 1469 4090 p.
1503 4016 1625 4071 391.
1661 4017 1730 4071 cf.
1761 4017 1982 4071 labsus.
2007 4018 2140 4085 Agl.
2172 4035 2226 4082 p.
2262 4013 2383 4071 701.
2493 4061 2504 4076 ,
2533 4089 2548 4106 ⁴
