2825 4459
1213 235 1254 255 Α
1350 162 1463 251 {²7

360 336 443 395 tis
486 337 885 409 Pergamenae
926 342 991 393 et
1039 334 1484 396 Alexandrinae
1528 339 1938 410 argumentum
1996 353 2138 393 vere
2182 334 2482 410 poeticum

364 441 754 517 neglexerunt
811 445 991 519 atque
1049 441 1467 499 astronomiam
1530 440 1625 499 vel
1683 439 2110 515 geographiam
2177 439 2272 497 vel
2321 439 2480 500 eius·

364 547 527 606 modi
571 567 698 616 res,
766 545 989 624 quibus
1032 546 1230 606 nullus
1276 547 1439 605 inest
1480 545 1751 623 poeticus
1798 546 2078 621 spiritus,
2123 545 2480 605 carminibus

363 653 749 730 exponendas
802 651 923 710 sibi
981 662 1395 728 sumpserunt;
1470 652 1618 711 talia
1683 652 1906 727 scripta
1959 650 2148 710 fuisse
2208 651 2481 711 videntur

364 758 752 834 Thesprotica
794 762 857 816 et
896 758 1221 818 Isthmiaca
1263 760 1338 817 cf.
1381 759 1732 835 paragraph.
1774 758 2041 833 praeced.
2086 758 2146 816 h.
2188 758 2334 818 diss.

495 882 735 950 Restat,
796 885 866 939 ut
926 882 1042 940 duo
1099 883 1434 956 fragmenta
1489 881 1598 940 sub
1665 881 1904 939 nomine
1965 881 2199 939 Musaei
2258 882 2481 941 tradita

362 1006 716 1056 memorem,
791 1005 942 1064 quae
1000 987 1154 1045 nulli
1212 993 1321 1046 nec
1374 989 1683 1066 χρησμῶν
1737 988 1939 1063 poesis
1999 1006 2110 1045 nec
2157 988 2480 1046 carminum

364 1092 665 1169 epicorum
712 1092 888 1151 titulo
920 1092 1165 1152 inscribi
1195 1099 1484 1169 poterant.
1557 1093 1752 1151 Unum
1793 1094 2191 1167 fragmentum
2222 1094 2481 1154 servavit

366 1198 652 1275 Sys-ianus
707 1206 1017 1258 comment.
1065 1199 1140 1256 ad
1188 1200 1435 1257 Aristot.
1483 1200 1745 1275 metaph.
1795 1202 1891 1259 12.
1943 1218 1999 1275 p.
2044 1202 2126 1259 89
2175 1194 2476 1283 (Venct.)=

365 1304 702 1375 „Animalis
731 1304 902 1363 ideae
934 1306 1226 1363 excedent
1270 1304 1605 1363 divinorum
1647 1306 1941 1375 denarios,
1982 1304 2235 1363 ide-alem
2268 1325 2476 1364 nume—

363 1430 493 1469 rum
526 1410 867 1480 dicentium,
912 1418 981 1470 ut
1019 1412 1378 1468 mundanum
1425 1410 1734 1485 exemplar
1764 1415 1825 1469 ct
1856 1409 2171 1469 terminum
2206 1413 2481 1472 omnibus

364 1516 715 1592 impositum
758 1521 821 1575 et
860 1517 1017 1594 quod
1063 1517 1555 1594 quemadmodum
1603 1516 1882 1575 denarius
1927 1517 2083 1575 intra
2129 1538 2192 1575 se
2247 1537 2480 1577 omnem

336 1641 669 1680 -numerum
718 1623 914 1690 habet,
962 1641 1081 1681 non
1121 1622 1349 1681 occulte
1398 1630 1465 1681 ut
1492 1623 1712 1692 unitas;
1756 1641 1867 1681 nec
1910 1597 2383 1683 substantialiter
2410 1629 2482 1685 ut

367 1727 796 1805 quaternarius,
838 1729 945 1786 sed
988 1729 1105 1786 iam
1151 1748 1283 1786 cum
1327 1727 1629 1787 divisione
1669 1733 1734 1786 et
1779 1728 2123 1788 diversitate
2165 1729 2325 1805 pluri
2367 1731 2482 1790 hoc

363 1833 537 1892 modo
582 1833 766 1892 etiam
810 1833 1214 1893 intellectuale
1259 1833 1558 1911 opificium
1597 1833 1892 1909 praecipit
1922 1833 1984 1891 in
2018 1851 2081 1894 se
2108 1835 2240 1911 ipso
2268 1835 2479 1893 mundi

362 1940 602 1998 formas.
678 1939 763 1997 Et
806 1941 958 2004 hanc
998 1939 1343 2016 opinionem
1389 1942 1465 1998 ab
1515 1939 1753 2015 Orpheo
1800 1945 1860 1998 et
1898 1942 2141 1998 Musaeo
2188 1945 2249 1999 et
2291 1939 2479 2013 illinc,

366 2045 637 2103 deductis
666 2044 1077 2120 recipientium
1110 2047 1470 2105 Aristoteles
1499 2051 1565 2104 ut
1598 2045 1837 2104 denario
1858 2064 2103 2104 numero
2126 2045 2293 2105 ideas
2316 2045 2477 2121 ipso·

360 2171 494 2216 rum
539 2151 995 2227 supponentium
1040 2153 1124 2210 sic
1169 2151 1379 2226 dirigit
1427 2153 1759 2228 opiniones,
1805 2151 1922 2209 etsi
1968 2152 2208 2210 denario
2241 2169 2483 2210 numero

366 2263 818 2333 supponerent.“
865 2258 938 2315 cf.
971 2258 1213 2317 Passov.
1246 2258 1287 2315 l.
1318 2258 1356 2316 1.
1389 2278 1447 2335 p.
1484 2260 1609 2319 215
1642 2258 1705 2316 in
1738 2258 2017 2317 additam.

501 2378 851 2459 Quicunque
876 2379 1236 2457 aliquantum
1263 2382 1323 2439 in
1350 2381 1728 2458 philosophia
1750 2388 1844 2440 cst
1864 2385 2152 2452 versatus,
2183 2400 2485 2458 nunquam

368 2485 766 2556 arbitrabitur,
795 2485 937 2545 talia
962 2506 1114 2565 quac
1141 2489 1211 2545 ad
1247 2488 1573 2546 doctrinam
1598 2507 1973 2545 numerorum
2000 2485 2324 2562 pertinent,
2345 2485 2481 2563 phi-

364 2702 653 2772 repctere,
703 2698 806 2755 sed
857 2696 1010 2755 sicut
1052 2698 1327 2776 plerique
1375 2699 1607 2777 antiqui
1653 2704 1714 2757 ct
1743 2681 2106 2757 'recentiores
2138 2695 2483 2774 philosophi

369 2807 717 2873 statuerunt,
749 2802 1043 2861 eiusmodi
1077 2805 1404 2862 sententias
1438 2826 1472 2863 a
1500 2806 1837 2881 Pythagora
1867 2805 2112 2882 eiusque
2146 2802 2390 2862 asseclis
2419 2803 2486 2860 in

367 2907 805 2984 philosophiam
838 2928 968 2967 esse
1003 2909 1275 2968 inductas
1303 2910 1421 2967 sibi
1445 2911 1800 2986 persuadeat
1824 2916 2072 2988 oportet.
2108 2910 2268 2968 idem
2298 2914 2481 2968 testa-

366 3019 465 3072 tur
494 3013 778 3090 Syrianus
810 3015 886 3072 ad
919 3014 1099 3073 Arist.
1132 3018 1387 3091 metaph.
1419 3017 1599 3074 XIII.
1646 3037 1704 3093 p:
1746 3020 1885 3076 121.
1918 3015 1996 3094 ⁷⁰)
2073 3015 2188 3078 Qui
2219 3014 2346 3073 fieri
2376 3034 2483 3091 po-

367 3119 567 3191 tuerit,
600 3120 650 3177 si
683 3139 948 3197 quaeras,
982 3126 1048 3178 ut
1071 3123 1198 3192 hoc,
1229 3122 1388 3200 quod
1417 3124 1496 3182 ad
1519 3123 1917 3198 Pythagoram
1942 3121 2294 3189 rettulimuS,
2324 3120 2483 3193 frag·

368 3228 632 3283 mentum
664 3226 1015 3303 perantiquo
1046 3229 1290 3285 Musaeo
1325 3228 1404 3286 sit
1423 3213 1813 3305 adscriptum,
1843 3227 2018 3287 facile
2043 3247 2109 3285 eo
2135 3226 2484 3302 explicabis,

370 3331 529 3406 quod
556 3330 950 3407 Pythagoreis
981 3352 1108 3391 mos
1142 3338 1282 3403 crat,
1317 3353 1465 3412 quas
1496 3334 1613 3410 ipsi
1658 3334 2029 3403 invenerunt,
2077 3331 2377 3390 doctrinas
2408 3332 2483 3390 ad

369 3442 700 3513 temporum
724 3437 1064 3528 ¹primordia
1107 3439 1344 3507 referre,
1392 3459 1507 3516 quo
1552 3439 1835 3498 maiorem
1882 3439 1997 3496 sibi
2042 3438 2283 3515 suisque
2316 3456 2483 3513 prae·-

370 3541 560 3617 ceptis
593 3541 712 3600 vim
732 3550 1049 3619 captarent
1078 3550 1139 3603 ct
1169 3545 1595 3603 auctoritatem.

500 3647 690 3706 Aliud
718 3650 1117 3721 fragmentum
1150 3657 1348 3708 exstat
1379 3651 1537 3725 apud
1570 3648 2034 3707 Alcidamcntcm
2068 3668 2150 3707 or.
2184 3669 2229 3707 c.
2263 3649 2483 3707 Palam.

368 3771 427 3828 p.
462 3756 562 3814 75.
598 3753 662 3812 Τ.
697 3756 754 3813 8.
786 3749 1052 3839 (Reisk.)
1083 3774 1198 3833 quo
1230 3755 1356 3813 loco
1389 3755 1654 3832 sequitur
1685 3755 1760 3813 de
1792 3755 2022 3813 Musaei
2054 3754 2319 3813 inventis
2348 3774 2483 3813 nar-

516 3963 583 4023 ³⁹)
620 3963 872 4030 Porphyr.
909 3963 969 4013 de
1004 3963 1111 4013 vita
1145 3935 1366 4031 Pythag.
1403 3970 1527 4014 tom.
1565 3964 1632 4013 II.
1672 3983 1721 4030 p.
1758 3962 1844 4016 80.
1869 3963 2101 4024 (Kicssl.)
2139 3971 2192 4014 et
2225 3963 2486 4014 Hanuscb.

368 4048 716 4115 hist.,pbilod.
752 4068 804 4116 p.
840 4048 964 4103 268.
