2825 4459
1343 164 1345 167 ‘
1405 151 1610 244 5l„„.-,„
1645 238 1655 243 .

389 320 722 392 Μουσαῖος
753 372 768 386 .
801 372 816 386 .
849 371 863 386 .
898 369 912 386 .
946 318 1217 401 ἔγραψε-ι·
1260 318 1593 402 dno-9521&
1657 320 1972 406 Εὐμόλπῳ
2017 328 2105 407 τῷ
2151 320 2265 408 rifi
2283 372 2301 397 ,
2352 346 2504 405 quae
2587 319 2592 322 v
2621 353 2638 374 ι

383 434 700 506 praecepta
745 434 1029 506 quattuor
1070 430 1314 489 milibus
1359 449 1633 490 versuum
1679 431 2107 510 comprehensa
2150 429 2343 491 fuisse
2399 432 2505 491 ille

382 535 839 612 lexicographus
869 535 1118 593 addidit.
1149 532 1235 618 ⁷¹)
1298 536 1652 596 Lambecius
1681 536 1970 612 prodrom.
2000 535 2141 594 hist.
2171 536 2261 595 lit.
2290 537 2397 595 lib.
2422 539 2504 596 ΙΙ.

258 666 271 670 ·
384 659 510 717 cap.
541 642 648 699 lv..
690 661 748 717 p.
785 642 908 701 185
953 641 1131 708 hasce
1175 634 1507 720 ὑποθήκας
1560 641 2051 737 αὓκΕῃιῃοΙρὶίε,
2095 627 2341 701 Musaei
2376 662 2501 702 car-

381 746 658 822 minibus,
703 748 860 806 male
907 747 1206 806 distinxit.
1280 747 1455 811 Quod
1520 747 1707 806 fuerit
1762 748 1943 807 huius
2001 745 2281 806 carminis
2325 768 2501 823 argu-

382 858 662 922 mentum,
711 852 886 914 nobis
932 853 1214 929 exposuit
1254 855 1500 913 Isocrat.
1543 854 1619 912 ad
1663 852 1887 912 Nicocl.
1929 853 1984 911 I.
2028 872 2089 929 p.
2129 855 2208 913 18
2255 848 2503 936 (Lang.)

385 958 491 1036 qui
536 954 711 1030 τινὲς,
761 957 990 1036 inquitJ
1027 960 1155 1016 τῶν
1196 961 1472 1036 noemma
1516 962 1642 1038 τῶγ
1683 955 2221 1035 προ)··εγενημεί·ων
2247 950 2503 1037 {noth}-

381 1084 512 1136 κας,
552 1056 637 1132 ὡς
651 1058 774 1140 χρὴ
804 1061 932 1144 ζῇν,
960 1049 1493 1124 καταλελοίπασιν.
1529 1062 2039 1126 Quemadmodum
2066 1082 2202 1122 vero
2227 1065 2502 1139 Orpheus

383 1188 630 1241 carmen,
675 1169 833 1247 quod
879 1169 1198 1227 secundum
1240 1174 1509 1227 veterum
1552 1169 1837 1228 ecclesiae
1881 1174 2134 1245 patrum·
2156 1169 2504 1229 testimonia

382 1273 553 1351 quasi
601 1273 940 1333 mortalium
985 1293 1230 1351 opemm
1286 1281 1652 1350 postremum
1697 1276 1941 1333 Musaeo
2001 1295 2107 1333 suo
2152 1276 2502 1335 hereditatis

379 1379 505 1439 loeo
547 1380 882 1460 relinquere
928 1379 1259 1449 constituit,
1327 1375 1664 1458 Διιιθὴκας
1706 1380 1835 1439 sive
1876 1381 1986 1438 sub
2033 1380 2219 1439 simili
2261 1382 2501 1441 nomine

371 1477 738 1564 ιΥποθήκοις
783 1485 1142 1563 composuit,
1203 1485 1291 1544 sic
1331 1488 1616 1544 Musaeus
1657 1486 1784 1544 filio
1828 1486 2122 1562 Eumolpo
2166 1479 2502 1564 ὑποθήκας

380 1588 510 1649 sive
546 1586 906 1667 Εὐμολπιάν
933 1591 1567 1669 reliquissenarratur.
1634 1592 1699 1650 Si
1730 1592 1866 1668 quis
1911 1612 1989 1649 ex
2033 1592 2208 1652 nobis
2239 1599 2499 1669 quaerat,

375 1700 573 1755 utrum
612 1696 771 1755 illud
813 1716 1050 1755 carmen
1094 1695 1328 1756 Musaei
1372 1697 1695 1771 genuinum
1742 1717 1821 1755 an
1858 1698 2233 1774 suppositum
2277 1700 2496 1757 habea-

377 1821 529 1874 mus,
572 1821 690 1861 non
736 1803 939 1863 stricte
982 1804 1342 1880 respondere
1385 1822 1735 1879 possumus;
1798 1809 2001 1864 nostra
2062 1804 2220 1862 enim
2266 1804 2341 1863 de
2387 1806 2499 1863 hac

376 1927 443 1966 re
487 1907 690 1985 opinio
730 1910 879 1968 haec
922 1915 1037 1968 est:
1098 1908 1163 1967 in
1223 1909 1499 1967 omnibus
1558 1915 1869 1986 poetarum
1925 1928 2198 1968 verorum
2259 1910 2498 1986 scriptis

380 2020 519 2074 sunt
562 2014 724 2074 dicta
768 2016 1088 2092 quaedam,
1144 2015 1208 2073 in
1254 2015 1472 2093 quibus
1519 2022 1648 2074 arta
1690 2016 1882 2074 forma
1923 2015 2205 2092 pulchrae
2255 2022 2495 2074 senten-

374 2120 495 2179 tiae
539 2120 934 2193 confinentnr,
977 2139 1247 2200 quaeque
1293 2121 1513 2198 populo
1553 2121 1778 2180 eximie
1806 2121 2048 2197 placent
2076 2127 2256 2199 atque
2285 2120 2495 2198 paula·

380 2226 491 2284 tim
537 2226 868 2303 proverbia,
915 2246 1069 2305 quae
1114 2232 1418 2297 vocantur,
1461 2228 1631 2287 fiunt.
1719 2229 1935 2306 Itaque
1992 2229 2214 2290 factum
2258 2233 2381 2299 est,
2425 2232 2497 2287 ut

373 2330 493 2391 viri
552 2332 964 2406 intelligentia
1020 2334 1349 2391 eminentes
1423 2334 1572 2392 haec
1642 2353 1871 2392 summa
1934 2325 2270 2394 reverenti'a
2327 2332 2498 2410 quasi

375 2455 636 2510 gemmas
679 2438 1029 2512 colligerent
1056 2443 1231 2515 atque
1262 2446 1693 2510 conservarent,
1739 2458 1890 2517 quae
1919 2439 2257 2502 temeritate
2288 2447 2491 2515 poste·

370 2541 591 2602 riomm
634 2550 804 2603 aucta
847 2544 926 2602 ad
957 2549 1146 2602 totum
1177 2544 1529 2605 fasciculum
1557 2551 1883 2604 creverunt.
1938 2546 2023 2605 Ut
2068 2553 2269 2604 autem
2299 2543 2492 2604 homi-

373 2666 515 2707 num
575 2664 703 2708 mos
763 2654 858 2708 est
912 2648 1228 2727 unicuique
1281 2650 1371 2709 rei
1431 2659 1657 2711 certum
1717 2669 1937 2710 nomen
1979 2653 2120 2714 dare
2136 2693 2153 2723 ,
2219 2651 2305 2712 sic
2345 2652 2495 2710 haec

373 2754 645 2815 collectio
689 2754 798 2815 uni
841 2761 1054 2831 poetae
1094 2755 1480 2828 adscribitur;
1528 2757 1635 2815 sed
1665 2758 1814 2837 quid
1843 2766 2088 2817 naturae
2124 2758 2323 2833 aptius
2353 2776 2492 2816 con-

367 2859 576 2920 venire
617 2866 833 2937 potest,
877 2881 1051 2939 quam
1096 2861 1257 2940 quod
1285 2880 1504 2920 nomen
1532 2863 1717 2938 prisci
1758 2863 1918 2922 vatis
1935 2907 1951 2935 ‚
1997 2862 2100 2941 qui
2142 2862 2489 2940 praeclaris·

372 2966 523 3026 simo
568 2966 808 3026 nomine
850 2967 1068 3026 multas
1114 2968 1363 3043 protulit
1407 2969 1754 3039 sententias,
1799 2969 1865 3027 in
1900 2968 2041 3029 libri
2069 2971 2267 3029 fronte
2313 2968 2490 3027 collo·

370 3075 565 3131 catum
611 3079 719 3132 est.
808 3071 943 3136 Quo
986 3072 1202 3132 melius
1249 3073 1317 3131 in
1360 3073 1669 3133 hominum
1712 3076 1943 3134 animos
1987 3077 2135 3134 haec
2176 3079 2494 3150 praecepta

369 3175 814 3235 insinuarentur
856 3197 1178 3259 eorumque
1220 3181 1476 3239 fortasse
1522 3180 1809 3240 severitas
1845 3181 2236 3255 mitigaretur,
2277 3199 2494 3239 nomen

367 3282 491 3341 fieti
535 3282 713 3341 amici
753 3283 852 3342 vel
882 3284 1142 3344 crebrius
1171 3285 1284 3344 filii
1314 3286 1658 3357 addebatur,
1703 3293 1771 3346 ut
1815 3307 1886 3346 eo
1930 3286 2161 3363 species
2201 3287 2494 3366 quaedam

368 3387 459 3446 rei
487 3406 609 3446 non
638 3389 826 3459 fictae,
859 3391 965 3448 sed
993 3409 1169 3450 verae
1200 3392 1538 3452 efficeretur
1552 3413 1568 3465 ς
1600 3393 1767 3452 cuius
1795 3393 1886 3451 rei
1908 3392 2191 3452 nonnulla
2214 3392 2493 3469 exempla

370 3492 471 3552 hic
512 3494 781 3553 afferam.
832 3496 1053 3556 justin.
1085 3496 1324 3556 Cohort.
1368 3517 1425 3574 p.
1463 3500 1563 3558 15.
1596 3498 1659 3557 Ο.
1694 3493 1911 3581 (Paris.
1953 3492 2180 3581 1615):
2221 3492 2528 3577 Ὀρφεὺς·

369 3590 403 3657 ὃ
452 3601 567 3676 τῆς
612 3594 1078 3679 πολυθεότητος
1120 3592 1300 3677 ὑμῶν
1345 3607 1593 3679 πρῶτος
1623 3598 1999 3672 ὄιόάσκαλος
2029 3598 2296 3682 γεγονώς
2331 3598 2491 3678 πρὸς

369 3698 483 3762 τὸν
510 3699 1003 3764 υἱὸνΠΙουσαΐον
1033 3705 1132 3766 καὶ
1167 3702 1312 3777 τοῖς
1347 3704 1605 3778 λοιποὺς
1636 3705 1925 3787 γνησίους
1956 3702 2274 3786 ἀκροατὰς
2301 3702 2492 3769 {iov-

370 3826 482 3884 ρον
527 3806 660 3884 περὶ
709 3801 850 3881 ἑνός
892 3809 991 3871 καὶ
1035 3806 1235 3889 μόνον
1283 3815 1439 3872 θεοῦ
1486 3808 1773 3892 κηρύττει
1822 3809 2016 3892 λέγων
2059 3807 2295 3884 οὕτως·

514 4038 581 4096 ¹⁸¹)
618 4036 684 4086 cf.
719 4037 961 4088 Anccdot.
999 4040 1174 4089 Graec.
1211 4035 1422 4089 d'Anssc
1458 4039 1518 4090 de
1554 4040 1763 4091 Villois.
1808 4040 1850 4089 1.
1885 4056 1938 4106 p.
1975 4037 2097 4093 303.
2131 4051 2134 4056 ’

2060 4134 2101 4191 4
2126 4126 2162 4165 t
