2825 4459
274 4131 299 4164 δ

1326 163 1512 255 ἑὲ-

1214 249 1315 254 Η-..»
1527 248 1634 255 ³-..-

363 336 721 395 sententiam
764 336 1020 416 quodam
1063 336 1192 395 iure
1237 338 1613 412 comprobem
1643 339 1919 394 monente
1950 335 2291 395 Nitzschio:
2336 335 2477 394 Bei-

359 445 526 518 triige
573 461 680 500 zur
725 440 1080 522 Geschichte
1128 429 1231 500 der
1276 442 1562 519 epischen
1594 441 1805 501 Pocsie
1851 441 1959 499 der
1989 441 2222 500 Griech.
2269 458 2327 517 p.
2372 445 2477 501 37.

359 550 573 625 Itaque
620 548 842 624 optimo
883 547 1012 606 iure
1055 566 1209 621 nego
1254 548 1562 610 Musaeum
1607 548 1773 608 illum
1816 554 2018 606 vatem
2051 546 2481 634 Atheniensem

358 651 863 729 titanographiam
905 645 1177 730 potuisse
1231 672 1597 729 componere.
1685 653 1940 712 Etiamsi
1986 653 2093 711 ille
2137 652 2232 711 vir
2274 671 2476 734 eumu7

359 757 650 817 latissima
713 758 961 818 scientia
1020 735 1295 832 egregius
1356 778 1465 816 nos
1510 778 1630 818 non
1681 760 1956 829 adiuvet,
2018 763 2276 818 attamen
2320 757 2479 817 nihil

360 864 646 922 desistam
706 864 780 921 de
838 864 943 934 iis,
1017 855 1199 942 quae'
1237 870 1412 923 antea
1473 857 1913 924 affirmavimus.
2018 856 2257 924 Titulus
2315 864 2477 922 enim

358 968 799 1046 titanographia
856 989 974 1027 non
1035 970 1247 1046 sinit„
1276 973 1349 1029 ut
1393 970 1547 1029 illud
1592 970 1878 1047 scriptum
1923 990 2000 1028 ex
2047 989 2273 1028 summa
2315 956 2489 1029 anti?

359 1075 588 1154 quitate
619 1074 882 1145 fluxerit,
930 1076 1033 1132 sed
1065 1076 1269 1151 potius
1301 1076 1503 1146 aetati,
1549 1095 1698 1154 quae
1729 1083 1987 1148 vocatur,
2032 1075 2475 1135 Alexandrinae

355 1180 736 1240 tribuendum
793 1186 918 1251 est3
981 1167 1274 1258 quatenus
1335 1182 1444 1240 ille
1503 1182 1717 1240 titulus
1775 1182 2019 1240 nimiam
2065 1202 2206 1258 prae
2253 1201 2316 1240 se
2359 1182 2477 1241 fert

356 1285 701 1345 doctrinam.
792 1286 960 1344 Inter
1020 1277 1225 1345 omnes
1287 1292 1490 1346 autem
1550 1294 1813 1358 constat,
1873 1266 2202 1365 perpaucos
2245 1291 2477 1347 tantum

356 1391 535 1449 huius
583 1391 798 1450 aetatis
842 1373 981 1450 'vero
1028 1392 1270 1470 quidem
1315 1398 1598 1472 rectoque
1645 1413 1822 1452 sensu
1862 1397 2209 1467 argumenta
2238 1394 2474 1470 mytho·

354 1495 551 1570 logiae
594 1502 656 1555 et
697 1493 982 1556 historiae
1025 1499 1256 1557 ratione
1286 1499 1493 1557 habita
1523 1501 1828 1558 tractanda
1857 1499 2131 1574 elegisse,
2178 1500 2284 1557 sed
2313 1491 2475 1557 haud

350 1601 530 1660 facile
576 1602 846 1678 intellegi
885 1623 1095 1679 posse,
1137 1605 1360 1684 quippe
1409 1606 1515 1685 qui
1560 1606 1858 1666 doctrinae
1904 1603 2145 1682 ineptae
2190 1603 2472 1677 etmira-

353 1707 562 1766 bilium
608 1728 803 1784 reran
861 1710 997 1770 fuco
1066 1731 1197 1770 sese
1251 1697 1610 1771 induissent.
1715 1710 1852 1775 Qua'
1894 1713 1969 1770 de
2013 1731 2078 1769 re
2124 1711 2282 1770 infra
2320 1729 2469 1769 non-

355 1813 517 1873 nulla
577 1816 758 1873 verba
818 1816 1046 1875 faciam.
1148 1817 1300 1876 Inde
1370 1818 1531 1875 haud
1598 1817 1786 1875 ullum
1852 1817 2134 1895 temporis
2191 1802 2474 1893 punctum

355 1920 789 1986 dubitabimus.
850 1922 997 2000 quin
1056 1922 1376 1981 Passovius
1438 1923 1477 1981 l.
1519 1922 1557 1980 l.
1618 1942 1675 1998 p.
1726 1926 1806 1984 73
1862 1920 2365 1998 titanographiam
2406 1921 2473 1980 in

353 2026 838 2085 titanomachiam
894 2008 1214 2087 infeliciter
1268 2029 1604 2086 mutaverit.
1697 2029 1915 2087 Contra
1967 2048 2087 2086 non
2132 2028 2285 2087 male
2330 2047 2469 2086 cone

354 2132 498 2192 iecit
541 2133 701 2212 idem
747 2132 1081 2204 Passovius,
1122 2133 1415 2209 permulta
1460 2153 1609 2211 quae
1653 2136 1898 2192 Musaeo
1930 2133 2292 2192 Atheniensi
2336 2125 2469 2210 per-⁴

352 2230 553 2314 per'am
611 2238 923 2313 supposita
982 2246 1151 2309 sunt,
1212 2240 1445 2297 Musaei
1501 2230 1776 2315 Ephesii
1814 2259 1973 2312 esse,
2042 2228 2138 2297 cui
2200 2236 2471 2314 opinioni

352 2342 695 2420 Bernhardy
742 2342 888 2402 hist.
934 2344 1023 2403 lit.
1060 2345 1261 2404 Graec.
1295 2350 1435 2403 tom.
1467 2347 1515 2405 Ι.
1549 2365 1606 2421 p.
1635 2338 1767 2406 '314
1801 2345 2045 2404 accedit.
2105 2346 2470 2421 Magnopere

353 2456 553 2507 tamen
609 2448 933 2510 dolendum
993 2459 1145 2524 est„
1181 2453 1338 2529 quod
1399 2471 1479 2509 ex
1536 2450 1649 2521 iis,
1710 2470 1863 2531 quae
1928 2450 2161 2512 Musaei
2215 2445 2468 2526 Ephesii

353 2542 702 2630 supersunt,
761 2555 919 2615 nihil
976 2555 1138 2615 aliud
1196 2557 1415 2616 scimus
1435 2600 1450 2628 ,
1501 2533 1635 2618 ¹nisi
1679 2557 1747 2615 in
1791 2556 1929 2615 aula
1972 2558 2467 2630 Pergamenorum

351 2679 553 2734 regum
621 2680 753 2720 eum
818 2661 1046 2721 vixisse
1113 2667 1288 2739 atque
1353 2667 1509 2721 teste
1575 2639 1771 2749 Suida.
1823 2662 2109 2722 Perseida
2174 2661 2347 2720 libris
2403 2661 2469 2720 X

352 2765 677 2842 scripsisse.

508 2940 567 3019 ἓ.
613 2943 676 3003 4.
765 2938 1192 3017 Εὐμολπία
1239 2942 1573 3021 ποίησις
1616 2943 1790 3004 sive
1828 2936 2299 3022 “Υποθῆκαι.

484 3065 607 3123 Sub
652 3064 829 3123 titulo
879 3059 1205 3142 Εἰ-μολπιά
1252 3086 1488 3125 carmen
1532 3068 1830 3143 profertur
1874 3086 1909 3125 a
1938 3068 2114 3125 Paus.
2153 3066 2236 3125 X.
2286 3068 2344 3126 5.
2390 3067 2461 3126 3:

349 3164 480 3230 ἔστι
544 3166 611 3229 δὲ
670 3168 734 3229 ἓν
764 3163 1031 3248 ’Ἕλλησι
1086 3168 1366 3249 ποίησις,
1408 3165 1628 3248 Ιὄνομα
1683 3171 1799 3248 μὲν
1860 3180 1988 3242 τοῖς
2046 3167 2252 3232 ὶἹιι-σίν
2298 3165 2463 3231 ἐστὶν

346 3269 702 3351 Εὐμολπία,
751 3273 1066 3358 Μουσαίῳ
1097 3271 1166 3334 δὲ
1199 3278 1283 3359 τῷ
1311 3270 1694 3356 Ἀντιφήμου
1741 3278 2149 3352 προσποιοῖσι
2198 3271 2275 3335 τὰ
2309 3271 2457 3355 ἓήη·

348 3377 760 3458 πεποιημένον
805 3367 914 3437 οὗν
960 3375 1126 3438 ἔστιν
1170 3377 1235 3439 ἓν
1274 3376 1558 3454 τοίτοις,’
1590 3380 1991 3451 Ποσειδῶνος
2036 3380 2098 3441 ἐν
2143 3380 2328 3465 κοίνῳ
2359 3380 2457 3442 καὶ

348 3479 476 3560 Γῆς
520 3476 670 3543 εἶναι
718 3478 790 3542 τὸ
836 3490 1148 3559 μαντεῖον,
1195 3483 1292 3543 ’καὶ
1341 3479 1457 3563 τὴν
1498 3483 1612 3561 μὲν
1634 3489 1801 3570 χρᾷν
1844 3482 1917 3546 αι’
1928 3482 2063 3566 τὴν,
2108 3485 2456 3547 Ποσειδῶνι

346 3583 411 3646 δὲ
452 3579 771 3667 ὑπηρέτην
817 3588 902 3659 εἷς
948 3584 1024 3648 τὰ
1067 3583 1477 3667 μαντεύματα
1524 3581 1675 3649 εἶναι
1725 3587 2072 3669 Πύρκωνα·
2119 3590 2217 3651 καὶ
2261 3586 2457 3662 οὕτως

345 3686 463 3768 ἔχει
511 3689 589 3752 τὰ
631 3689 779 3771 ἔήη·
1028 3695 1031 3700 ’

556 3793 803 3858 Αὐτίκα
853 3795 921 3858 δὲ
962 3797 1218 3880 Χθονίη
1265 3802 1446 3883 σφῷν
1489 3796 1564 3881 δὴ
1616 3797 1873 3862 πινυτὸν
1916 3795 2082 3882 φάτο
2124 3805 2361 3880 μῦθον,

558 3897 688 3962 Σίν
719 3900 791 3962 δέ
819 3925 881 3963 τε
914 3899 1191 3983 Πύρκων
1221 3901 1578 3987 ἀμφίπολος
1607 3911 1831 3967 κλυτοῦ
1860 3904 2310 3988 Ἐννοσιγαίου.

478 4025 745 4088 Alterum
803 4027 1071 4087 eiusdem
1130 4029 1410 4088 carminis
1469 4030 1711 4089 titulum
1776 4031 1953 4090 affert
2014 4031 2229 4090 Suidas
2289 4051 2336 4090 s.
2394 4050 2454 4090 τ.
