2825 4459
370 332 491 393 viri
530 333 689 393 docti
721 333 1030 411 opiniones
1075 354 1300 407 vereor,
1341 340 1412 394 ut
1455 340 1691 394 nostrae
1734 332 1920 393 aetati
1965 353 2167 393 omnes
2207 332 2355 393 satis
2399 333 2488 393 fa-

370 457 547 517 ciant.
649 459 875 517 Induxi
912 443 1101 533 'igitur
1141 459 1209 517 in
1254 458 1519 518 animum
1564 459 1639 517 de
1680 457 1918 516 nomine
1934 502 1950 528 ,
1992 456 2187 535 patria
2203 501 2219 528 ,
2278 462 2491 529 aetate,

372 580 721 659 parentibus
767 581 1244 661 carminibusque
1286 582 1543 658 Pamphi
1586 586 1649 641 et
1692 580 1953 652 Musaei,
2013 580 2128 639 etsi
2170 581 2490 658 perfectam

369 704 610 779 ingenio
654 725 776 764 non
819 724 1076 781 possum,
1115 706 1413 764 industria
1458 710 1656 765 tamen
1701 704 2063 764 eloboratam
2091 703 2489 763 narrationem

370 827 459 887 eis
474 872 490 899 ‚
534 825 637 908 qui
679 828 745 887 in
788 828 948 887 hisce
990 831 1165 887 rebus
1207 828 1434 888 versati
1476 835 1633 899 sunt,
1675 828 1943 887 modeste
1970 846 2312 905 proponere.
2356 828 2487 885 Mu-

371 952 497 1012 saei
540 952 891 1025 fragmenta
918 952 1117 1012 omnia
1159 954 1234 1011 ad
1279 973 1464 1011 unum
1505 972 1541 1012 a
1586 952 1871 1012 Passovio
1916 951 2164 1011 collecta
2206 951 2365 1010 veris
2408 950 2487 1009 ti-

371 1075 519 1156 tulis
565 1078 628 1138 et
685 1076 986 1154 personis,
1043 1075 1261 1138 multas
1302 1076 1575 1138 Passovii
1634 1076 1997 1154 coniecturas
2054 1074 2335 1134 refellens
2382 1075 2486 1134 ad-

371 1198 627 1258 scribere
665 1203 1107 1277 postremoque,
1151 1204 1440 1278 quantum
1480 1200 1671 1270 valeo,
1712 1199 2015 1274 ingenium
2059 1199 2304 1257 duorum
2348 1217 2488 1275 poe·

371 1325 565 1382 tarum
600 1321 896 1400 explicare
920 1303 1186 1386 conabor..
1242 1322 1541 1381 Nimirum
1566 1323 2050 1384 commonendum
2074 1328 2183 1393 est,
2218 1322 2487 1402 quamvis

369 1448 501 1507 hae-
536 1446 789 1506 materia
844 1445 1083 1506 assidue
1138 1446 1443 1508 elaborata
1502 1452 1768 1510 attamen
1825 1466 1921 1508 me
1975 1466 2096 1510 non
2154 1465 2487 1523 supremum

372 1569 660 1628 arbitrum
692 1568 1149 1627 diiudicat-urum
1180 1588 1323 1629 esse.
1384 1570 1621 1630 Licebit
1649 1574 1930 1640 attamen,
1962 1568 2170 1627 habito
2201 1568 2489 1638 examine,

369 1692 652 1752 iudicium
696 1694 887 1752 facere
931 1697 992 1751 et
1035 1698 1296 1753 statuere
1310 1738 1328 1766 ,
1383 1698 1584 1752 utrum
1628 1713 1776 1772 quae
1829 1695 1937 1754 sub
1978 1691 2208 1751 Musaei
2250 1691 2487 1751 nomine

370 1815 593 1875 tradita
620 1819 779 1887 sunt,
804 1816 899 1874 rei·
922 1820 987 1875 et
1006 1819 1255 1876 nomme
1282 1816 1452 1876 illius
1479 1817 1675 1894 poesis
1692 1821 2084 1876 consentanea
2113 1815 2256 1887 sint,
2286 1834 2488 1875 necne.

369 1939 721 2000 Diiudicabo
767 1960 922 2015 ergo,
965 1959 1149 2020 aeque
1194 1940 1425 1999 distans
1471 1940 1545 1998 ab
1589 1939 1666 1997 iis
1679 1983 1694 2013 ,
1755 1939 1855 2019 qui
1900 1940 2134 1999 fabulas
2177 1938 2489 2017 pueriliter

369 2068 434 2122 et
475 2063 605 2122 sine
648 2063 988 2122 discrimine
1030 2082 1138 2139 pro
1180 2062 1340 2121 veris
1386 2062 1707 2139 accipiunt,
1750 2066 1929 2142 atque
1959 2065 2033 2122 ab
2075 2062 2172 2133 iis,
2215 2062 2320 2142 qui
2362 2083 2485 2132 om-

370 2184 471 2244 nia
514 2185 845 2264 fragmenta
888 2183 1110 2256 inania,
1154 2205 1188 2244 a
1232 2184 1486 2263 posteris
1530 2171 1680 2244 'ficta
1723 2189 1963 2245 censent
2007 2191 2067 2245 et
2110 2190 2430 2263 respuunt:
