2825 4459
1337 226 1340 228 Α
1451 139 1568 229 ἦ,
1611 225 1652 230 ἢ,

412 313 649 384 fertum,
691 312 1155 387 cogitationibus
1196 313 1440 389 plenum
1481 332 1609 372 esse
1653 318 1716 372 et
1761 325 1812 374 Π
1856 330 1891 397 ς
1950 335 2010 364 ==
2053 321 2148 384 os,
2200 312 2424 372 dictum
2468 317 2530 371 et

415 433 467 501 γ
493 422 583 481 ‘73⁹
620 443 688 474 :2-
727 420 854 490 vis,
908 424 1174 496 potestas
1206 421 1517 479 confictum
1549 420 1631 479 sic
1661 418 1955 495 explicat:
2003 419 2087 478 Ut
2115 438 2309 496 neque
2339 418 2527 478 Linus

408 529 603 604 neque
632 525 784 584 Olen
816 525 1060 599 genuini
1090 531 1303 602 poetae
1324 526 1582 597 fuerunt,
1610 526 1716 585 sed
1744 543 1940 584 merae
1970 523 2393 600 descriptiones
2423 546 2525 584 an·

409 632 613 711 idquae
652 632 814 690 inter
843 633 1092 690 Graecos
1135 631 1330 709 poesis
1360 632 1625 710 certique
1653 631 1831 701 modi‘,
1874 630 2087 708 quibus
2119 632 2382 690 carmina
2423 651 2525 709 ap-

409 740 709 809 nubantur,
755 738 840 796 sic
884 739 1184 815 Pamphus
1227 738 1385 797 nihil
1428 737 1591 796 aliud
1635 741 1743 807 est,
1782 736 1903 796 nisi
1947 756 2054 796 seu
2093 735 2217 796 oris
2258 756 2361 798 seu
2403 738 2525 798 elo·

408 844 663 901 cutionis
706 844 800 901 vis
843 845 1178 903 concutiens
1195 889 1210 915 ,
1268 844 1692 918 cogitationum
1735 844 1942 920 plena;
1986 844 2285 919 Pamphus
2328 844 2528 918 igitur,

412 949 516 1025 qu'i
547 949 887 1008 Oetolinum
918 951 1105 1012 canit:
1137 952 1251 1009 Die
1285 951 1752 1021 ersohiitternde,
1780 949 2255 1022 gedankenvolle
2278 951 2526 1009 Trauer-

408 1054 600 1128 klage,
626 1055 693 1114 in
721 1055 1087 1116 universum:
1129 1058 1252 1116 Der
1280 1057 1444 1116 volle
1474 1058 1597 1116 und
1626 1056 1859 1130 sinnige
1882 1056 2309 1131 Volksgesang‚
2335 1057 2404 1116 in
2434 1076 2525 1118 er·

406 1164 599 1220 sterer
616 1162 897 1220 Hinsioht
916 1163 1216 1221 identisch
1243 1163 1356 1222 mit
1380 1164 1512 1221 dem
1539 1161 1958 1239 aegyptischen
1980 1162 2357 1222 Hemaneron
2386 1166 2529 1223 oder

410 1268 702 1327 Mamer-oa.
748 1268 879 1332 Qua
900 1268 1271 1328 derivatione
1302 1269 1692 1347 etymologica
1723 1268 1976 1347 aliisque
2001 1269 2276 1346 quamvis
2299 1270 2524 1330 Sickle-

404 1391 501 1431 rus
533 1373 785 1432 multum
817 1378 1079 1451 praestet
1107 1376 1349 1450 ingenii,
1378 1379 1580 1433 tamen
1608 1375 1774 1433 istud
1802 1377 2194 1432 commentum
2224 1395 2526 1454 nunquam

404 1482 631 1537 tantam
663 1482 1071 1540 auctoritatem
1095 1486 1400 1540 nacturum
1426 1481 1611 1540 fuisse
1640 1485 1802 1557 puto,
1830 1480 1951 1538 nisi
1972 1480 2150 1556 primi
2180 1480 2305 1539 eius
2336 1487 2522 1541 sec-ta·-

406 1589 562 1642 tores
606 1586 681 1642 ad
723 1586 934 1643 summi
994 1587 1336 1663 philosophi
1386 1586 1732 1644 Aristotelis
1792 1586 2150 1644 sententiam
2208 1607 2525 1662 provocare

403 1690 740 1765 potuissent
786 1691 884 1770 [cf.
932 1693 1048 1750 Cic.
1081 1694 1155 1751 de
1183 1696 1305 1750 nat.
1339 1693 1497 1750 deor.
1529 1692 1578 1749 Ι.
1614 1697 1728 1749 38:
1775 1692 2110 1767 „Orpheum
2139 1697 2375 1769 poetam
2420 1696 2523 1753 do-

404 1799 497 1854 cet
531 1794 882 1856 Aristoteles
927 1817 1228 1875 nunquam
1272 1798 1462 1858 fuisse
1506 1787 1588 1858 et'
1609 1797 2086 1872 hoc,Orphioum
2130 1818 2364 1858 carmen
2404 1801 2522 1877 Py-

403 1902 671 1975 thagorei
715 1904 917 1961 ferunt
960 1904 1261 1962 cuiusdam
1306 1903 1495 1963 fuisse
1540 1901 1875 1981 Cercopis“]
1924 1922 2074 1981 quae
2118 1908 2316 1963 tamen
2333 1948 2348 1976 ,
2408 1926 2523 1985 quo

401 2007 700 2082 pertineat
716 2053 732 2080 ,
784 2017 907 2070 non
946 2009 1245 2072 viderunt.
1344 2009 1476 2072 Qua
1521 2011 1594 2067 de
1637 2025 1704 2070 re
1741 2009 1903 2068 infra
1958 2008 2148 2086 fusius
2194 2011 2522 2087 disputabi-

400 2132 547 2171 mus.
637 2115 826 2193 Atqui
872 2116 1252 2186 manifestum
1297 2121 1406 2187 est,
1452 2114 1742 2174 eiusmodi
1786 2115 2107 2186 conamina,
2153 2117 2375 2175 Graeca
2417 2137 2520 2176 no-

399 2218 563 2277 mina
589 2220 831 2296 propria
870 2239 950 2278 cx
992 2221 1131 2280 aliis
1173 2221 1393 2295 linguis
1425 2221 1754 2292 derivandi,
1798 2221 2147 2299 plerumque
2177 2239 2307 2281 esse
2335 2203 2520 2283 temess-

396 2324 568 2383 raris.
641 2327 790 2384 Rem
822 2331 1020 2385 autem
1062 2332 1327 2386 nostram
1372 2327 1427 2385 si
1463 2328 1618 2385 forte
1661 2326 2009 2388 coniecturis
2053 2332 2286 2388 tentare
2325 2330 2520 2402 liceat,

398 2447 499 2489 cur
542 2451 577 2489 e
618 2432 888 2489 barbaris
918 2433 1117 2508 potius
1155 2433 1373 2504 verbis,
1418 2453 1594 2511 quam
1640 2452 1672 2492 e
1703 2433 1924 2491 Graeco
1969 2452 2240 2493 sermone
2286 2440 2516 2513 repeta-

397 2553 546 2608 mus,
589 2557 828 2613 prorsus
858 2557 978 2597 non
1005 2538 1202 2608 video,
1246 2541 1562 2598 dummodo
1594 2538 1796 2616 aliqm
1839 2559 1916 2596 ex
1939 2546 2030 2597 'ea
2074 2545 2337 2613 emergat
2380 2546 2521 2618 apta

398 2642 490 2700 vis
535 2642 908 2721 simplexque
950 2643 1190 2702 veritas.
1250 2641 1491 2715 Quidni,
1533 2644 1585 2701 si
1630 2643 1953 2720 suspicioni
1998 2648 2064 2704 ut
2108 2644 2515 2721 indulgeamus

396 2749 682 2818 concedis,
724 2748 887 2806 istud
917 2767 1131 2808 nomen
1158 2750 1470 2809 referimus
1514 2751 1590 2808 ad
1619 2752 1802 2809 verba
1823 2749 1974 2808 Πᾶν
2004 2755 2066 2810 et
2096 2753 2193 2830 φιῖ
2201 2772 2246 2820 ς.
2287 2753 2516 2812 Lumen

394 2852 579 2927 igitur
606 2855 909 2930 Pamphus
943 2859 1051 2926 est,
1097 2854 1201 2934 qui
1245 2856 1427 2913 sacris
1467 2856 1596 2913 fere
1635 2857 1908 2914 omnibus
1938 2859 2115 2915 rebus
2148 2858 2378 2936 aliquid
2423 2860 2513 2917 lu·

395 2957 480 3017 cis
513 2978 578 3017 ac
618 2959 1059 3036 perspicuitatis
1106 2962 1313 3019 afferat
1359 2965 1538 3039 atque
1575 2961 1990 3037 mysteriorum
2029 2962 2172 3021 deos
2202 2963 2515 3042 cultusque

395 3064 655 3141 explicet
697 3065 942 3143 luceque
985 3065 1200 3124 clarius
1245 3070 1520 3143 exponat,
1579 3066 1742 3124 cuius
1787 3067 1875 3125 rei
1918 3072 2266 3142 argumenta
2307 3073 2515 3144 postea

394 3167 733 3236 afferentur.
819 3168 883 3230 Si
930 3173 1063 3250 quis
1104 3190 1249 3232 vero
1293 3173 1370 3230 ad
1413 3172 1744 3231 Sanscritas
1773 3174 2004 3232 mavult
2045 3174 2352 3231 decurrere
2393 3175 2511 3233 ori-

393 3274 580 3349 gineS,
622 3278 803 3336 facile
841 3282 987 3352 puto
1030 3278 1314 3351 cogitabit
1355 3279 1433 3337 de
1475 3280 1585 3338 hac
1627 3280 1754 3337 fere
1798 3278 2190 3356 etymologia:

1257 3404 1379 3460 pan
1410 3415 1436 3429 -
1466 3384 1648 3461 phos:
2401 3431 2404 3434 -

391 3486 513 3545 altr.
539 3485 663 3547 bha
689 3488 773 3546 Π.
802 3486 875 3549 cl.
906 3490 972 3547 P.
1003 3494 1075 3546 A.
1106 3490 1438 3565 splendere,
1477 3490 1721 3564 fulgere,
1766 3508 2067 3566 apparere,
2096 3488 2294 3548 videri
2325 3511 2509 3565 graec.

392 3584 535 3671 φάψ
552 3634 575 3659 ‚
623 3590 827 3671 φαίνω
846 3637 861 3663 ,
934 3592 1116 3672 φημί,
1190 3599 1414 3672 «[οΐβος
1480 3597 1671 3654 forma
1722 3595 1972 3654 anomal.
2037 3595 2266 3673 redupl.
2334 3597 2510 3674 (sicut

392 3692 665 3774 φέβωμαι
712 3717 747 3754 a
797 3696 957 3774 bhi;)
1009 3698 1115 3757 lat.
1158 3699 1293 3762 fari.
1348 3700 1424 3758 cf.
1476 3702 1660 3777 Bopp.
1703 3700 1946 3774 glossar.
2000 3700 2269 3761 sanserit.
2311 3703 2506 3763 Berol.

394 3801 583 3861 184⁷.
621 3805 672 3859 1.
700 3822 763 3860 v.
787 3802 925 3862 hhA.
1021 3804 1238 3863 Restat
1262 3809 1337 3863 ut
1363 3815 1734 3883 quaeramus,
1777 3806 2070 3884 quomodo
2114 3806 2223 3865 illa
2265 3809 2510 3869 nomina

387 3908 710 3982 poetam,
738 3927 889 3987 quae
918 3928 993 3968 ex
1015 3910 1376 3988 antiquitate
1407 3911 1485 3969 ad
1514 3915 1742 3970 aetates
1769 3911 2124 3971 recentiores
2153 3917 2293 3971 sunt
2312 3918 2505 3973 trans-

389 4008 531 4084 lata,
573 4013 903 4073 extiterint.
960 4015 1141 4073 Cuius
1183 4015 1271 4074 rei
1315 4016 1468 4074 duae
1508 4019 1738 4074 tantum
1765 4035 1975 4075 causae
2003 4016 2200 4075 afferri
2227 4025 2508 4095 possunt²
