2825 4459
1399 146 1484 205 55

374 317 635 378 coeundi
678 316 809 378 sive
852 317 1220 378 desiderium
1264 339 1397 379 sese
1438 319 1869 380 commimendi
1925 329 1989 381 ot
2031 319 2159 380 vim
2193 322 2500 400 *quandam

378 422 757 499 genetricem,
800 443 976 502 quam
1009 424 1370 501 Cupidinem
1398 426 1528 485 sive
1562 431 1840 485 Amorem
1878 426 2203 497 nominant,
2248 426 2502 487 inffiisse

376 529 707 603 traduntur,
755 529 911 588 unde
955 536 1146 594 ortum
1193 530 1275 589 sit
1316 530 1633 592 creationis
1676 531 1935 592 initium.
1966 530 2048 609 ⁷⁴)

512 635 611 693 Ad
654 636 1020 710 probandam
1060 641 1258 695 autem
1303 637 1658 697 sententiam
1703 638 1877 697 modo
1907 636 2274 714 propositam
2315 639 2496 698 firmi-

381 740 472 799 ori
516 740 696 800 etiam
738 747 1084 816 argumento
1127 742 1219 800 uti
1246 742 1473 802 licebit.
1547 746 1702 804 Nam
1733 765 1813 804 ex
1843 743 2223 818 cosmogonia
2250 745 2498 804 Musaeo

380 845 672 922 inscripta
726 846 904 920 Diog.
963 847 1160 907 Laert.
1225 853 1279 907 1.
1323 853 1362 910 3
1411 850 1626 909 verba:
1686 847 1786 908 καὶ
1849 844 1961 908 τὸν
2002 844 2116 924 μὲν
2160 848 2500 909 Μουσαῖον

380 944 599 1028 φάναι,
648 949 712 1023 ἐξ
757 945 895 1022 ἑνὸς
941 947 1018 1010 τὰ
1067 946 1269 1011 πάντα
1315 950 1605 1032 γενέσθαι
1652 952 1750 1012 καὶ
1799 952 1884 1024 εἷς
1930 946 2159 1012 ταύτόν
2191 949 2498 1014 ἀναλύεσ-

384 1056 500 1114 θαι
545 1062 850 1135 assumpta
894 1077 1026 1117 esse
1071 1058 1366 1118 videntur.
1456 1058 1622 1123 Quae
1677 1061 1856 1120 verba
1895 1065 2129 1120 tantum
2171 1064 2502 1120 monstrant

382 1162 694 1221 Musaeum
752 1164 1025 1223 docuisse
1084 1183 1163 1224 ex
1218 1184 1340 1224 uno
1398 1166 1596 1224 omnia
1649 1185 1781 1225 esse
1824 1171 1968 1225 nata
2009 1171 2186 1243 atque
2233 1165 2299 1224 in
2337 1165 2499 1224 idem

379 1266 621 1327 resolvi.

925 1408 984 1488 ἓ.
1033 1413 1093 1473 6.
1184 1408 1388 1489 Περὶ
1442 1401 1955 1488 Θεσπρωτῶν.

514 1530 790 1591 Clemens
832 1532 1006 1594 Alex.
1053 1539 1249 1593 strom.
1294 1534 1404 1614 VI.
1443 1554 1502 1612 p.
1548 1536 1690 1596 751-
1720 1539 1978 1595 testatur
2018 1537 2329 1595 Musaeum
2374 1555 2497 1595 car-

382 1655 522 1696 men
567 1639 677 1696 sub
719 1637 894 1697 titulo
943 1637 1074 1715 περὶ
1128 1636 1526 1718 Θεσπρωτῶν
1582 1640 1931 1719 reliquisse,
1990 1643 2149 1719 quod
2192 1642 2501 1719 Eugamon

381 1743 758 1821 Cyrenensis,
802 1749 977 1822 poeta
1009 1744 1264 1822 cyclicus
1308 1745 1572 1818 ultimus,
1617 1746 1968 1824 compilasse
2013 1746 2233 1807 dicitur
2277 1767 2501 1825 suoque

380 1849 620 1909 nomine
653 1849 821 1929 quasi
854 1870 1026 1910 suum
1054 1852 1243 1912 fetum
1275 1850 1557 1911 edidisse.
1623 1852 1690 1912 Si
1719 1852 1866 1912 haec
1895 1873 1990 1912 res
2023 1852 2111 1912 ita
2140 1873 2203 1912 se
2233 1854 2500 1924 haberet,

383 1957 496 2016 hoc
526 1974 765 2015 carmen
792 1956 1027 2016 Musaei
1057 1976 1297 2034 prorsus
1329 1957 1632 2017 oblivione
1664 1935 1935 2018 obrutum
1965 1960 2294 2036 putandum
2323 1964 2500 2030 esset,

380 2080 521 2121 nam
577 2061 755 2122 aliter
812 2063 1223 2137 Eugamonem
1289 2063 1568 2142 aequales
1633 2084 1938 2143 nunquam
1996 2065 2161 2125 illius
2220 2065 2499 2146 carminis

376 2177 678 2227 auctorem
734 2168 1103 2228 habuissent.
1207 2170 1475 2229 Eandem
1539 2171 1934 2231 narrationem
1996 2170 2270 2250 invenies
2333 2172 2494 2249 apud

377 2274 597 2333 Euseb.
626 2274 924 2351 Pamphil.
953 2294 1223 2351 praepar.
1250 2295 1460 2351 evang.
1477 2282 1634 2356 tom.
1656 2277 1741 2337 II.
1764 2280 1893 2339 462
1917 2270 2287 2362 (Gaisford.),
2318 2298 2495 2358 quam

380 2399 460 2438 ex
516 2378 841 2440 Clementis
898 2379 1053 2439 libro
1112 2382 1273 2440 haud
1335 2359 1516 2440 dubie
1582 2383 1905 2460 exscripsit
1972 2383 2210 2443 nomine
2266 2388 2494 2444 tantum

377 2484 717 2568 depravato,
762 2506 897 2546 cum
940 2506 1048 2563 pro
1077 2488 1425 2563 Eugamone
1458 2488 1582 2547 sive
1612 2489 2015 2565 Eugammone
2057 2489 2250 2549 simile
2279 2508 2499 2548 nomen

382 2592 849 2667 „Eugrammon“
879 2593 1170 2665 traderet;
1219 2593 1321 2671 qui
1356 2598 1514 2652 teste
1543 2596 1763 2654 Euseb.
1794 2595 2052 2655 chronic.
2083 2593 2314 2655 vixisse
2343 2595 2493 2655 dici·

376 2705 476 2758 tur
518 2698 856 2776 olympiade
900 2700 1081 2771 L111;
1130 2719 1247 2777 qua
1290 2720 1425 2760 cum
1466 2721 1531 2759 re
1563 2699 1869 2778 Syncellus
1912 2702 2220 2776 chronogr.
2264 2720 2322 2778 p.
2368 2704 2493 2763 239

378 2805 505 2864 fere
536 2803 832 2876 convenit,
875 2805 979 2883 qui
1010 2825 1147 2866 eum
1178 2807 1489 2886 aequalem
1519 2807 1749 2885 Aesopi
1776 2807 1938 2867 facit.
2018 2809 2244 2867 Notum
2274 2803 2357 2891 ⁷⁴)
2387 2811 2496 2877 est,

379 2912 536 2970 hunc
577 2911 1044 2986 Eugammonem
1074 2911 1470 2989 Cyrenensem
1500 2912 1884 2989 Telegoniam
1914 2912 2241 2990 scripsisse,
2284 2914 2350 2972 in
2380 2932 2499 2993 qua

382 3015 590 3076 ultima
640 3018 770 3076 fata
818 3017 1022 3077 Ulixis
1080 3018 1329 3097 eiusque
1397 3018 1637 3094 generis
1702 3020 2118 3090 narrabantur,
2187 3038 2340 3098 quae
2399 3038 2496 3078 res

381 3122 643 3182 maxima
701 3141 781 3181 ex
840 3128 1008 3199 parto
1061 3122 1128 3181 in
1175 3124 1530 3201 Thesprotia
1585 3126 1780 3184 factae
1833 3128 1992 3184 sunt.
2083 3122 2256 3187 Quod
2300 3129 2498 3184 autem

379 3234 685 3306 praeterea
725 3228 1153 3304 Eugammonis
1195 3228 1365 3289 aliud
1410 3249 1564 3306 opus
1600 3226 1962 3308 Θεσπρωτίς
1990 3236 2251 3300 vocatur,
2296 3229 2495 3308 suspi-

380 3335 473 3396 cio
515 3354 610 3394 me
655 3339 839 3406 tenet,
882 3335 1193 3394 Musaeum
1237 3335 1589 3412 Ephesium,
1632 3336 1708 3395 de
1756 3355 1871 3413 quo
1916 3334 2121 3396 statim
2151 3336 2324 3412 plura
2355 3335 2497 3394 scri·

381 3441 535 3513 bam,
580 3461 658 3500 ex
699 3441 815 3500 hac
857 3440 1182 3515 Telegonia
1223 3421 1312 3514 ea,
1357 3462 1508 3521 quae
1556 3442 1632 3501 ad
1676 3441 2074 3520 antiquiorem
2104 3441 2497 3519 Thesprotiae

378 3546 690 3607 historiam
721 3550 782 3606 et
812 3547 1237 3624 geographiam
1266 3547 1662 3626 pertinebant,
1702 3547 2028 3624 sumpsisse
2059 3566 2280 3626 suoque
2313 3546 2497 3625 operi,

381 3651 550 3712 cuius
607 3651 819 3712 titulus
864 3658 993 3713 erat
1038 3650 1172 3731 περὶ
1225 3650 1656 3730 Θεσπρωτῶν,
1718 3653 2047 3713 attexuisse
2111 3659 2173 3713 et
2229 3653 2317 3714 ita
2364 3673 2498 3729 per·

381 3758 787 3831 mutationem,
819 3778 968 3837 quae
998 3760 1149 3818 mihi
1180 3758 1422 3838 quidem
1453 3760 1618 3817 factu
1645 3758 1998 3818 verisimilis
2026 3759 2282 3829 videtur,
2322 3760 2498 3819 facile

380 3863 715 3941 irrepsisse.
800 3866 895 3924 De
937 3864 1142 3923 fabula
1185 3884 1303 3942 qua
1347 3865 1529 3924 Clem.
1573 3864 1748 3923 Alex.
1791 3864 1830 3923 l.
1875 3885 1922 3923 c.
1967 3871 2190 3936 narrat,
2232 3871 2499 3925 nostrum

384 3986 429 3993 ...ᾳ

525 4042 594 4102 ⁴⁸⁴)
630 4041 701 4091 M.
736 4041 869 4107 Aug.
908 4040 1183 4092 Weichert.
1216 4040 1396 4105 Progr-
1435 4039 1740 4091 Grimmsns.
1778 4036 1933 4091 1812.
1971 4056 2021 4106 p.
2063 4036 2144 4092 16.
