2825 4459
1252 177 1309 184 --
1359 92 1558 183 .-3οΛ

415 260 757 345 Omnes-tim·
799 261 999 324 ἔτεσιν
1036 259 1295 341 ἕσπερον
1349 261 1575 324 εἴκοσιν·
1632 257 1793 330 datto)
1835 243 1896 320 οἶ
1941 260 2078 337 περ)
2119 257 2366 344 Ὀρφέα
2413 258 2514 324 καὶ

409 370 747 432 ΖΙῚουσαΐον
789 368 885 430 καὶ
933 368 1141 429 ,Λίνον
1188 363 1302 428 τόν
1338 362 1724 445 “Ηρακλψόυς
1777 345 2151 432 διὸάσῖιαλον
2195 373 2256 426 et
2298 367 2516 426 Euseb.

408 459 673 553 praep‘ar.
719 495 930 550 evang.
974 477 1052 536 X.
1097 479 1155 536 4.
1202 479 1328 548 469
1362 478 1431 535 Β.
1479 478 1729 552 πρῶτον
1771 477 1924 551 γοῦν
1969 466 2219 548 min-ruys
2245 469 2513 552 Ὀρφέα,

410 574 541 641 εἶτα
587 577 653 639 δὲ
698 579 937 653 Λίνον,
998 577 1254 641 κᾶπειτα
1304 581 1643 643 Mammon-
1703 574 1861 655 ἀμφὶ
1914 551 1988 636 ’τὰ
2042 563 2296 654 Τρωιῖιὰ
2343 597 2520 654 yero-

407 683 635 762 μένους·
675 679 713 765 ἢ
759 690 960 768 μικρῷ
1007 679 1290 761 πρόσθεν
1358 687 1431 745 cf.
1466 684 1659 744 Schol.
1698 685 1777 748 ad
1808 685 1981 759 Greg.
2027 684 2322 746 iwCatal.
2350 682 2519 742 Bodl.

409 811 470 870 Ρ.
521 795 631 852 17:
692 791 1027 860 ,Πῐῖουσαΐος
1084 788 1180 850 καὶ
1243 790 1449 860 Λίνος
1513 797 1640 853 τοῖς
1701 788 1832 865 περὶ
1877 786 2129 875 ἰθρφίιρ
2184 781 2528 865 ὀμόχρονοί

411 892 582 956 εἰσιν.
624 931 713 940 --
774 897 1007 954 Deinde
1067 894 1155 955 ita
1213 917 1338 956 rem
1384 916 1515 956 sese
1560 896 1778 954 habere
1822 900 2075 972 testatur
2116 896 2310 965 fama,
2369 914 2520 973 quae

410 1005 545 1074 fert,
588 1005 896 1062 Musaeum
942 1003 1161 1080 ubique
1206 1008 1400 1061 vatem
1448 1000 1731 1078 appeilari
1763 1000 2246 1079 antiquissimum
2290 1005 2524 1077 praeter

413 1111 732 1187 Orpheum,
771 1108 1008 1178 Linum,
1057 1107 1301 1167 Olenem
1333 1107 1619 1185 aliosque.
1692 1108 1949 1183 Insuper
1992 1109 2104 1166 hos
2150 1111 2358 1183 poetas
2401 1126 2523 1168 non

413 1215 628 1275 intima
673 1214 863 1273 solum
907 1205 1330 1284 familiaritate,
1377 1213 1558 1272 immo
1605 1213 1893 1272 affinitate
1939 1213 2213 1290 proxima
2256 1214 2413 1274 inter
2457 1233 2522 1272 sc

413 1320 727 1380 adstrictos
770 1320 959 1379 fuisse
1004 1320 1274 1379 traditur.
1362 1321 1636 1394 Longum
1682 1329 1792 1391 est,
1843 1339 2045 1382 omnes
2089 1321 2206 1380 huc
2248 1324 2521 1397 spectan-

413 1432 505 1487 tes
547 1425 707 1485 locos
755 1426 956 1496 citare,
1001 1446 1076 1484 ne
1120 1425 1333 1484 inutile
1378 1432 1648 1502 repetere
1680 1445 1872 1502 cogar,
1919 1428 1992 1486 de
2025 1426 2238 1505 quibus
2270 1425 2523 1501 singulis

416 1523 707 1609 opusculi
731 1532 1000 1608 partibus
1032 1531 1272 1590 uberius
1303 1532 1658 1609 disputatur.
1691 1566 1778 1579 —
1822 1534 2096 1610 Denique
2141 1552 2212 1590 ca
2248 1551 2344 1590 res
2374 1531 2524 1592 satis

414 1638 790 1698 confirmatur
829 1639 989 1696 haud
1037 1638 1242 1714 paucis
1285 1637 1569 1708 inventis,
1615 1658 1764 1716 quae
1797 1642 2036 1700 Musaeo
2067 1638 2362 1712 affigenda
2392 1657 2524 1696 esse

414 1743 571 1804 infra
613 1743 968 1820 diligentius
1014 1744 1566 1803 demonstrabimus,
1640 1745 1827 1824 Atqui
1868 1744 2100 1806 inventi
2144 1743 2522 1806 uniuscuius-

417 1869 529 1929 que
574 1851 762 1908 honos
807 1850 865 1907 ei
905 1850 1079 1909 modo
1124 1850 1345 1910 deferri
1394 1856 1624 1926 potest,
1680 1850 1784 1929 qui
1840 1850 1936 1910 his
1993 1869 2131 1908 usos
2175 1850 2524 1910 anteiverat.

416 1954 646 2019 Quibus
679 1955 1000 2016 enuntiatis
1032 1956 1152 2014 iam
1180 1956 1512 2027 redeamus,
1554 1957 1710 2015 unde
1741 1955 1996 2029 digressi
2027 1975 2249 2018 sumus.
2295 1955 2525 2026 Confer,

418 2082 548 2121 cum
607 2069 772 2124 aetas
829 2063 1038 2120 horum
1083 2066 1390 2137 poetarum
1437 2063 1696 2120 nondum
1741 2062 1890 2121 satis
1933 2066 2192 2131 constet,
2252 2080 2405 2140 quae
2451 2061 2522 2122 de

419 2169 625 2227 eadem
670 2168 1019 2253 quaestione
1069 2167 1135 2226 in
1176 2167 1594 2226 dissertatione
1638 2166 1711 2225 de
1751 2168 2018 2243 Pampho
2066 2166 2352 2227 diximus.

1168 2506 1586 2562 CAPUT
1626 2499 1794 2561 IV.

883 2706 999 2782 DE
1042 2706 1395 2784 musmo
1440 2706 1722 2784 POETA
1758 2647 2068 2784 mro.

552 2904 791 2965 Licebit
835 2907 935 2966 hic
977 2908 1332 2967 Pausaniam
1377 2910 1428 2967 Ι.
1474 2913 1576 2978 22,
1624 2913 1658 2971 7
1708 2929 2060 2980 memorare,
2103 2910 2210 2970 ubi
2252 2909 2534 2986 picturas,

425 3012 640 3091 quibus
687 3012 884 3089 paries
928 3013 1095 3072 aedis
1139 3014 1215 3072 ad
1258 3014 1487 3073 laevam
1529 3015 1994 3092 Propylaeorum
2034 3015 2184 3076 sitae
2215 3021 2532 3076 exornatus

425 3125 586 3191 crat,
644 3118 972 3179 accuratius
1032 3119 1346 3180 describit:
1402 3120 1599 3191 „inter
1654 3140 1756 3179 eas
1817 3121 2074 3197 picturas
2092 3163 2108 3192 ,
2173 3127 2242 3184 ut
2282 3140 2529 3198 puerum

427 3224 695 3284 omittam
739 3225 981 3302 hydrias
1012 3231 1349 3302 portantem
1388 3231 1451 3284 ct
1480 3226 1900 3303 palaestritam,
1945 3246 2119 3306 quem
2152 3226 2534 3288 Timaenetus

422 3329 586 3403 fecit,
615 3331 847 3390 Musaei
877 3331 1071 3404 imago
1104 3336 1228 3402 est3
1277 3350 1450 3409 quem
1488 3353 1565 3390 ex
1600 3339 1860 3392 veterum
1892 3332 2254 3393 carminibus
2282 3331 2534 3408 cognovi

425 3437 646 3496 Boreae
693 3438 846 3496 dono
894 3433 1231 3497 volitasse.“
1318 3436 1491 3500 Quod
1537 3443 1943 3498 ornamentum
1973 3438 2082 3498 alti
2113 3437 2343 3514 ingenii
2374 3458 2533 3515 sym·

426 3541 626 3600 bolum
667 3542 840 3601 nobis
884 3543 1223 3603 habendum
1267 3550 1360 3601 est
1403 3544 1476 3602 cf.
1520 3545 1763 3603 Passov.
1808 3563 1868 3621 p.
1913 3547 2011 3605 15.
2085 3546 2212 3606 Neo
2241 3544 2537 3620 discrepat

426 3647 477 3705 I.
519 3648 599 3706 H.
642 3647 844 3707 Vossii
888 3648 1186 3707 sententia
1229 3649 1406 3725 epist.
1450 3648 1705 3725 mythol:
1748 3652 1853 3709 44.
1895 3669 1953 3727 p.
1999 3652 2102 3710 64.
2146 3651 2239 3708 ed.
2272 3651 2353 3708 11.
2398 3669 2534 3708 cau·

430 3771 687 3830 samque,
732 3773 834 3811 cur
862 3754 1080 3813 Boreas
1122 3754 1498 3831 potissimum
1531 3756 1776 3813 Musaeo
1817 3754 1972 3813 illud
2001 3775 2215 3814 munus
2244 3754 2538 3825 tribuerit,

429 3878 463 3918 e
516 3857 846 3938 propinqua
900 3858 1136 3919 Musaei
1196 3880 1327 3919 cum
1384 3862 1575 3920 Borea
1642 3860 1993 3935 cognatione
2047 3867 2207 3922 recte
2268 3865 2538 3938 repetere

428 3962 669 4026 videtur
709 3964 966 4024 Lobeck.
1011 3963 1151 4040 Agl.
1195 3983 1254 4040 p.
1300 3969 1462 4028 311:
1507 3968 1787 4028 Musaeus
1830 3965 1989 4028 enim
2032 3966 2314 4044 Eumolpi
2366 3965 2541 4036 filius,
