2825 4459
1242 240 1271 246 .„
1340 154 1468 244 Α758
1571 181 1578 188 ·

317 367 322 371 -
366 331 519 391 ratio
565 323 1384 404 obscurissima-doemon&
1436 327 1766 396 Μουσαῖος
1811 317 1845 385 ὃ
1897 329 2023 385 τῶν
2072 319 2482 401 Εὐμολπιδῶν

361 434 697 515 Ἀθηναῖος
733 428 817 506 ὥς
845 432 943 494 καὶ
979 430 1055 495 τὰ
1089 428 1407 511 ποιήματα
1441 430 1650 510 δηλοῖ·

569 536 843 618 ’‘Op-‘hm
873 533 1164 616 ἕξαμι-ρές
1193 532 1465 613 τετσ’ρων
1492 533 1590 595 καὶ
1619 531 1814 612 εἴκοςι
1845 533 2093 622 primm

567 640 686 715 Ὧς
717 638 862 705 demi
874 643 979 722 τήν
1010 638 1218 722 γενεὴν
1247 635 1469 701 ἑκατὸν
1491 644 1678 720 βιαῖν
1707 637 1930 717 ἄνδρες
1957 675 2048 692 -ι-

371 747 547 831 quam
593 771 784 829 neque
813 749 1135 810 Passovius
1182 748 1386 822 attigit
1433 747 1498 805 in
1541 749 1712 807 docto
1752 748 1829 806 de
1859 747 2094 807 Musaei
2123 747 2484 810 carminibus

370 858 788 923 commentario
819 861 883 915 et
904 854 1237 914 Lobeckius
1268 839 1405 927 ‘Agl
1439 872 1496 930 p.
1518 856 1643 916 235
1677 872 1741 912 se
1764 853 2048 930 expedire
2080 871 2254 930 posse
2285 857 2485 928 negat.

369 967 497 1026 Ista
512 977 747 1043 quoque
761 960 996 1031 fabella,
1017 979 1169 1038 quae
1186 960 1496 1020 Musaeum
1520 959 1889 1019 inventorem
1904 978 2281 1019 numerorum
2303 960 2482 1018 deno·

370 1075 480 1142 tat,
511 1066 950 1146 aPytbagoreis
967 1067 1102 1124 ficta
1117 1065 1370 1136 videtur,
1402 1065 1750 1141 praesertim
1764 1084 1882 1142 qua
1911 1064 2322 1125 auctoritatem
2339 1083 2481 1123 ean·

371 1177 508 1245 dem
530 1174 693 1233 illam
709 1171 940 1232 Musaei
966 1171 1394 1248 philosophiae,
1421 1189 1570 1247 quae
1595 1175 1827 1246 spectat
1847 1171 1925 1229 ad
1947 1189 2236 1240 numeros,
2258 1170 2486 1230 firmius

376 1280 727 1341 stabilirent,
1376 1345 1380 1352 ‘

498 1385 615 1443 His
647 1384 921 1443 omnibus
952 1381 1246 1458 expositis
1272 1381 1571 1459 reliquum
1602 1387 1712 1452 est,
1759 1386 1827 1441 ut
1847 1382 2054 1441 ‘nostri
2098 1386 2315 1458 poetae
2345 1383 2481 1440 Mu·

372 1491 501 1551 saei
543 1491 898 1550 lineamenta
943 1508 1049 1565 per
1090 1493 1273 1547 totam
1328 1486 1807 1547 dissertationem
1836 1487 2106 1563 dispersa
2137 1487 2486 1562 colligamus

371 1603 548 1675 atque
591 1597 668 1655 ad
713 1614 908 1665 unam,
967 1594 1165 1672 quoad
1208 1593 1338 1652 fieri
1384 1597 1614 1669 potest,
1668 1592 1995 1667 imaginem
2041 1592 2486 1667 coniungamus.

372 1703 710 1763 Secundum
743 1700 957 1769 omnia,
988 1719 1140 1778 quae
1166 1700 1345 1760 nobis
1372 1699 1449 1758 de
1474 1698 1707 1758 Musaei
1737 1717 1987 1775 persona
2013 1698 2333 1760 memoriae
2363 1689 2484 1757 tra·

372 1810 499 1868 dita
529 1814 686 1878 sunt,
727 1807 855 1868 sine
894 1805 1026 1865 nlla
1069 1804 1445 1864 dubitatione
1496 1803 1963 1863 concludendum
2011 1811 2122 1874 est,
2172 1805 2486 1872 Musaeum

369 1914 559 1988 fuisse
588 1912 1030 1973 Eleusinioi-um
1059 1910 1476 1986 mysteriorum
1521 1909 1885 1970 sacerd-tem
1916 1914 2096 1987 atque
2124 1927 2331 1969 revera
2360 1928 2487 1974 cas—

370 2020 532 2079 mina
564 2021 673 2079 sub
703 2018 883 2077 huius
915 2016 1238 2075 sacerdotis
1268 2014 1529 2085 nomine,
1571 2034 1722 2093 quae
1754 2015 1830 2073 ad
1860 2016 2008 2074 haec
2038 2015 2323 2091 mysteria
2352 2034 2484 2091 spe·

354 2127 627 2195 ctabant,
657 2123 974 2201 posteriori
1005 2128 1271 2198 tempore
1302 2123 1376 2180 ab
1411 2121 1789 2180 Onomacrito
1823 2140 1902 2180 ex
1929 2121 2193 2180 tenebris
2225 2120 2488 2202 templo·-

364 2251 498 2290 rum
528 2232 760 2300 educta,
791 2229 856 2288 in
886 2228 1078 2288 lucem
1112 2227 1361 2302 prolata,
1392 2227 1539 2305 quin
1571 2226 1752 2287 etiam
1787 2226 1996 2286 vitiata
2013 2234 2301 2305 auctaque
2333 2246 2483 2285 esse.
2513 2205 2524 2216 ’

371 2337 741 2397 Sententiam
787 2354 985 2394 eorum
1033 2333 1134 2411 qui
1178 2333 1487 2392 Eleusinia
1534 2332 1819 2409 mysteria
1857 2332 2045 2392 multo
2093 2332 2480 2410 posteriorum

368 2448 702 2518 tempotum
729 2439 1134 2499 inventionem
1156 2445 1388 2516 putant,
1411 2438 1684 2498 refellere
1705 2437 1802 2496 hic
1824 2457 1944 2496 non
1967 2458 2161 2497 meum
2186 2443 2294 2508 est,
2322 2439 2483 2497 refu·

366 2549 650 2608 tationem
682 2551 884 2606 autem
915 2546 990 2604 ad
1021 2545 1214 2604 Strab.
1244 2545 1422 2606 XIV.
1452 2547 1578 2605 636
1613 2539 1794 2622 atque
1824 2522 2153 2603 accuratam
2183 2544 2364 2603 huius
2393 2543 2484 2603 rei

369 2653 831 2730 explicationem
876 2652 1036 2729 apud
1080 2650 1451 2720 Boeekhium
1492 2649 1558 2708 in
1599 2648 1795 2708 indice
1839 2649 2034 2709 Berol.
2085 2653 2254 2711 1830
2305 2649 2484 2709 facile

369 2758 694 2820 invenient.
756 2757 935 2815 Viros
979 2756 1140 2815 enim
1186 2756 1458 2830 egregios
1490 2774 1833 2832 summaque
1865 2753 2281 2831 intellegentia
2309 2774 2482 2832 prae-

369 2865 525 2925 ditos
557 2863 858 2938 glaucoma
887 2866 1065 2940 atque
1113 2861 1435 2937 praestigia
1479 2859 1827 2937 posterioris
1857 2859 2003 2920 artis
2033 2868 2096 2922 et
2126 2860 2486 2920 temeritatis

366 2970 616 3031 maximi
671 2966 1082 3028 aestimavisse
1137 2966 1373 3044 sapiens
1428 2967 1665 3025 credere
1716 2985 1837 3025 non
1877 2969 2094 3043 potest.
2173 2965 2240 3025 Si
2281 2970 2486 3025 auctor

367 3076 577 3154 hymni
621 3072 925 3135 Homerici
963 3072 1028 3131 in
1073 3074 1344 3132 Cererem
1376 3073 1538 3131 -haec
1583 3070 1894 3130 Eleusinia
1933 3065 2049 3155 (vs.
2081 3066 2241 3155 481)
2287 3077 2487 3131 sancta

369 3181 718 3253 nominavit,
753 3199 903 3258 quae
935 3198 1127 3256 neque
1160 3173 1461 3252 negligere
1484 3178 1576 3236 fas
1606 3183 1699 3237 est
1727 3196 1921 3256 neque
1944 3177 2173 3237 curiose
2206 3177 2481 3248 serutari;

372 3287 426 3347 si
455 3287 750 3346 Pindarus
796 3287 862 3345 in
908 3285 1109 3363 aliquo
1153 3285 1488 3357 fragmento
1520 3283 1681 3360 apud
1712 3283 1897 3341 Clem.
1928 3282 2103 3343 Alex.
2135 3290 2336 3343 strom.
2366 3284 2485 3342 111.

374 3396 519 3454 518.
549 3387 800 3477 (Pott.):
846 3393 1120 3464 ‚,Beatus,
1163 3391 1265 3460 ait,
1316 3388 1421 3468 qui
1452 3389 1579 3448 illis
1609 3387 1937 3448 Eleusiniis
1969 3388 2252 3465 spectatis
2282 3407 2485 3448 cavam

372 3499 481 3559 sub
517 3503 736 3557 terram
779 3498 926 3557 ibitz
971 3497 1139 3556 novit
1184 3496 1284 3555 ille
1329 3495 1495 3554 vitae
1539 3494 1786 3566 exitum,
1831 3493 2000 3553 novit
2042 3487 2224 3574 effam
2262 3513 2298 3552 a
2340 3494 2484 3553 Iove

372 3604 573 3662 datum
595 3602 953 3679 principium
974 3610 1027 3674 ;“
1058 3620 1232 3661 nemo
1255 3600 1388 3671 erit,
1415 3600 1519 3678 qui
1541 3605 1772 3659 recuset
1796 3599 2110 3677 quominus
2131 3593 2483 3660 haeo'Eleu-
2563 3677 2576 3690 ἱ
2649 3583 2666 3596 “

374 3709 526 3768 sinia
559 3707 910 3786 perantiqua
942 3708 1220 3766 instituta
1247 3707 1491 3766 fuerint.
1546 3705 1687 3764 Alia
1716 3704 1956 3781 egregia
1980 3705 2274 3764 eiusmodi
2299 3705 2482 3764 docu-

370 3822 572 3876 menta
605 3813 1034 3873 Winiewskius
1066 3810 1999 3889 (ind.lcct.Monast.GuestphaL
2026 3813 2211 3871 1859.
2241 3811 2484 3888 p.4sq.)

373 3942 599 3982 summo
645 3920 845 3984 studio
884 3917 1142 3993 collegit,
1188 3937 1267 3976 ex
1298 3917 1516 3998 quibus
1564 3913 1840 3993 inpiimis
1871 3915 2076 3976 Cicero
2111 3917 2186 3975 de
2215 3916 2369 3993 legg.
2398 3916 2486 3974 11.

380 4028 478 4087 14.
505 4046 563 4103 p.
595 4027 678 4088 3⁸
718 4025 1133 4085 memorandus
1174 4030 1284 4082 est.
1359 4028 1558 4104 Atque
1610 4022 1729 4098 alia
1757 4021 1855 4080 his
1887 4021 2111 4082 similia
2137 4027 2488 4097 argaman
