2825 4459
1407 166 1546 260 ‘22⁶⁹

1237 253 1310 260 ῳ...-
1324 254 1361 259 .--
1368 254 1496 259 .W-
1551 254 1558 259 .
1575 255 1586 259 0
1593 253 1656 261 -...-0

387 338 696 398 Sicklerus
739 358 817 398 ex
861 338 1067 414 lingua
1099 340 1381 401 Semitica
1409 341 1757 418 desumpsit,
1803 339 1924 400 iam
1964 360 2139 417 supra
2170 341 2236 399 in
2265 341 2502 401 dissert.

389 452 555 525 parte
614 446 798 523 priori
859 446 1315 524 disputavimus
1404 448 1498 507 De
1554 447 1791 507 Musaei
1846 446 2086 510 nomine
2139 446 2503 524 priusquam,

390 553 539 633 quid
582 572 691 611 nos
737 551 1093 623 sentiamus,
1156 553 1590 630 disceptemus,
1652 552 1908 613 Sickleri
1952 553 2253 629 opinionis
2298 552 2502 630 paucis

388 659 751 719 mentionem
794 659 988 718 facere
1031 659 1222 718 liceat.
1298 659 1597 719 Sicklerus
1642 659 1805 718 enim
1835 659 1872 718 l.
1902 660 1943 718 l.
1971 679 2030 736 p.
2064 662 2148 720 64
2193 662 2502 719 Musaeum

389 770 564 843 putat
606 764 1025 824 aemulatorem
1070 764 1505 824 imitatoremve
1538 765 1762 841 Orphei
1804 765 1994 824 fuisse
2024 785 2215 844 neque
2245 784 2503 843 unquam

389 872 506 931 ulli
549 871 710 930 vitae
773 869 1144 947 occupationi
1184 879 1441 946 'operam
1483 889 1748 930 -navasse
1791 871 1912 934 nisi
1958 875 2028 932 ut
2074 870 2336 947 Orphica
2377 890 2502 930 car·

389 978 570 1048 mina,
615 982 966 1054 praccepta,
1011 976 1189 1035 initia
1230 977 1626 1053 praedicaret,
1673 983 1735 1036 et
1778 997 1952 1055 quam
2003 977 2274 1056 Orpheus
2320 971 2500 1036 disci-

387 1084 614 1163 plinam
659 1090 720 1143 et
763 1083 1089 1143 doctrinam
1132 1083 1264 1159 ipse
1307 1082 1707 1153 instituisset,
1765 1083 1999 1163 Musaei
2049 1083 2240 1143 fuisse
2282 1102 2499 1160 propa-

390 1210 560 1265 gare,
624 1189 930 1263 divulgare
947 1232 963 1260 ,
1022 1185 1362 1265 posteritati
1421 1190 1671 1266 prodere
1713 1194 1808 1260 ct,
1866 1194 1936 1249 ut
1995 1190 2250 1249 Sickleri
2309 1189 2503 1267 ipsius

389 1294 559 1355 verbi
598 1299 761 1353 utar:
806 1296 1087 1354 Musaeus
1115 1314 1240 1353 war
1290 1296 1472 1353 deren
1501 1295 1849 1371 Ausspruch
1893 1297 1990 1355 fiir
2033 1294 2151 1354 alle
2180 1295 2505 1369 Folgezeit.

389 1400 557 1465 Quae
604 1420 700 1460 res
745 1417 878 1459 cum
922 1400 1008 1459 ita
1052 1419 1183 1459 sese
1244 1400 1530 1471 habeant,
1589 1419 1810 1469 nomen
1866 1403 2150 1460 Musaeus
2207 1401 2506 1475 significat

390 1512 623 1568 tantum
690 1506 1181 1583 propagationem
1248 1506 1525 1566 salutaris
1591 1507 1942 1584 disciplinae
2015 1508 2143 1567 sive
2206 1507 2505 1583 Orphicae

390 1613 719 1684 doctrinae;
753 1613 911 1690 quod
938 1627 1151 1671 nomen
1178 1612 1425 1672 Sickler.
1469 1632 1547 1671 ex
1567 1613 1785 1688 'lingua
1818 1612 2099 1673 Semitica
2127 1614 2212 1672 ita
2239 1613 2503 1673 derivatz

391 1719 791 1808 &5937228342-772
855 1707 999 1778 oder
1057 1717 1375 1808 3⁸9³&ss‘372
1438 1720 1545 1778 der
1599 1720 2037 1796 Aussprecher,
2081 1720 2182 1778 die
2225 1733 2503 1796 ausspre·

391 1825 649 1895 chende,
693 1825 1117 1884 verkiindende
1159 1826 1363 1895 Κιτιᾶ,
1410 1843 1525 1883 von
1572 1826 1701 1914 δῷς
1754 1825 2012 1885 erheben
2029 1865 2044 1896 ‚
2090 1827 2503 1902 aussprechen,

262 1978 277 1984 -
387 1932 780 2006 vorbringen,
833 1931 1111 2007 protulit,
1168 1931 1385 1989 effatus
1443 1935 1565 2001 est,
1623 1932 1749 1990 und
1808 1932 2020 1991 woher
2053 1933 2163 1990 das
2204 1933 2505 1992 bekannte

391 2040 543 2128 εἵως
586 2038 927 2114 Prophetia,
969 2038 1314 2114 Ausspruch
1347 2037 1556 2097 Gottes
1602 2039 1723 2096 und
1769 2038 1876 2098 der
1899 2037 2242 2115 Propheten
2274 2037 2501 2115 ninum

392 2143 765 2222 Prophetiae.
811 2143 1025 2201 Thren.
1061 2146 1117 2202 2.
1170 2146 1268 2203 14.
1314 2144 1466 2201 auch
1498 2145 1842 2221 Ausspmch
1879 2144 1995 2202 mit
2026 2145 2279 2219 Gesang.
2325 2145 2499 2204 Hiob.

396 2251 497 2310 21.
564 2252 661 2309 12.
717 2251 833 2308 Ies.
878 2252 980 2308 42.
1047 2253 1144 2308 11.
1212 2254 1264 2307 l.
1310 2249 1523 2307 Chron.
1573 2251 1673 2310 15.
1737 2251 1839 2310 22.
1897 2251 1971 2309 of.
2017 2249 2261 2309 Castelli
2319 2252 2493 2327 Hept.

399 2353 566 2417 2417
591 2385 680 2399 ——-·
705 2357 894 2415 2419.
986 2354 1098 2413 Oui
1159 2355 1580 2431 explicationi,
1646 2356 1926 2435 quamvis·
1987 2356 2069 2416 sit
2135 2355 2378 2416 subtilis
2437 2361 2502 2415 et

393 2461 721 2535 ingeniosa,
765 2465 962 2519 tamen
1007 2462 1283 2524 accedere
1325 2461 1543 2530 nolim,
1606 2462 1710 2520 sed
1755 2457 2089 2539 simplicius
2133 2464 2247 2521 hoc
2290 2479 2507 2522 nomen

392 2566 814 2644 explicandum
859 2575 1004 2644 puto
1020 2611 1036 2639 ,
1097 2573 1331 2627 secutus
1376 2567 1546 2625 illam
1591 2568 1947 2627 sententiam
1995 2568 2249 2628 Goethei
2287 2567 2507 2628 nostri:

1026 2673 1308 2733 Protinus
1351 2674 1447 2733 vis
1489 2670 1836 2750 pervagari?

1028 2779 1181 2838 Ecce
1225 2780 1395 2839 adest
1436 2779 1608 2838 nobis
1651 2778 1908 2837 bonnm!

525 2879 817 2963 Equidem
859 2895 1006 2962 puto
1048 2903 1107 2944 v.
1156 2884 1492 2954 Μυυσαΐος
1532 2877 1919 2962 compositam
1977 2899 2109 2946 esse
2155 2903 2211 2944 ν.
2263 2884 2505 2944 ῙῑἸοῦσα

394 2981 566 3051 exitu
612 3009 748 3061 ωος
790 2990 1213 3069 prolongatam,
1258 2990 1361 3067 qui
1406 2990 1757 3069 plerumque
1801 2989 1993 3050 lot-nm
2045 2991 2305 3063 indicat,
2349 2991 2506 3049 unde

393 3095 623 3177 aliquid
654 3103 925 3158 exortum
957 3102 1067 3167 est,
1115 3097 1244 3156 sive
1289 3111 1404 3173 quo
1433 3095 1593 3154 idem
1626 3101 1873 3173 spectat,
1920 3097 2175 3157 scilicet:
2220 3102 2499 3175 πηγυῖος,

392 3211 682 3282 κηπαῖυς,
717 3208 1039 3282 κρηναΐυς;
1083 3191 1201 3261 non
1232 3202 1466 3261 diversa
1495 3199 1734 3261 nomina
1772 3203 2053 3277 gentilia:
2104 3203 2500 3279 Κερκυραῖος,

401 3308 864 3387 ΖΙΊηθυμιάἴυς,
926 3303 1293 3385 Ἀθηναῖος,
1360 3305 1647 3386 ’Θηβαΐας
1704 3329 1739 3367 κ
1818 3327 1873 3367 τ.
1920 3310 1973 3369 λ.
2043 3309 2141 3385 (ef.
2182 3307 2507 3367 Matthiae:

395 3414 628 3474 Griech.
679 3413 936 3472 Gramm.
980 3414 1031 3472 I.
1076 3433 1135 3490 p.
1186 3417 1328 3475 105.
1378 3419 1431 3474 1.
1482 3418 1538 3474 2.
1581 3415 1654 3473 cf.
1706 3417 1850 3475 103.
1894 3434 1949 3473 v.
1986 3415 2242 3474 Lobeck.
2286 3416 2506 3491 Phryn.

393 3538 452 3597 p.
501 3522 625 3580 541
675 3540 762 3599 sq.
820 3520 894 3578 de
938 3520 1254 3579 adiectivis
1296 3520 1360 3578 in
1407 3515 1590 3600 αῖος.)
1680 3520 2045 3580 Terminatio
2104 3541 2218 3599 aya
2273 3520 2337 3579 in
2387 3520 2505 3578 skr.

395 3644 627 3704 quoque
693 3625 986 3699 significat
1054 3605 1227 3696 „cum
1282 3621 1481 3702 aliqua
1532 3643 1597 3683 rc
1658 3621 1785 3685 sive
1842 3646 1970 3686 cum
2031 3627 2232 3707 aliquo
2294 3631 2506 3686 stare.“

392 3733 603 3811 Itaque
649 3733 929 3790 Musaeus
974 3739 1067 3796 est
1112 3731 1223 3818 vir,
1262 3731 1363 3794 cai
1406 3732 1616 3792 Musae
1660 3733 1955 3809 imprimis
1996 3734 2230 3805 favent,
2290 3733 2507 3811 quique

393 3858 512 3898 non
555 3839 678 3896 suis
721 3839 938 3896 mentis
981 3835 1237 3913 viribus,
1299 3838 1406 3897 sed
1451 3837 1643 3898 Musis
1702 3845 1983 3919 tanquam
2044 3839 2269 3916 pectori
2313 3838 2509 3916 ipsius

390 3944 792 4004 insidentibus
849 3943 1105 4002 carmina
1156 3943 1343 4018 fingit.
1435 3941 1567 4007 Qua
1611 3963 1745 4004 cum
1804 3945 2064 4004 nominis
2109 3945 2508 4022 explicatione
2578 3982 2593 3993 ·

393 4052 650 4128 perbene
695 4050 1002 4119 convenit,
1058 4047 1215 4126 quod
1262 4049 1616 4123 Fulgentius
1660 4049 1865 4133 (Verg.
1907 4049 2231 4111 continent.
2274 4072 2329 4129 p.
2379 4052 2507 4112 760
