2825 4459
1420 167 1476 259 4,

368 341 558 399 modis
603 315 836 400 constat
874 361 1004 400 esse
1033 345 1343 412 mutatum,
1384 361 1568 420 quare
1597 340 1903 401 oblivione
1943 344 2183 400 vetusta
2224 340 2335 399 illa
2361 359 2486 400 car·

366 447 529 506 mina
544 493 560 520 ,
603 454 673 505 ut
717 449 1103 506 obruerentur
1118 492 1133 518 ,
1178 448 1397 506 factum
1445 452 1556 506 est.
1641 446 1719 506 In
1763 466 2011 525 quorum
2054 446 2238 522 igitur
2278 447 2489 521 locum,

368 558 434 612 ut
464 573 656 612 rerum
686 554 946 613 conditio
977 554 1367 629 efflagitabat,
1409 552 1737 613 recentiora
1765 557 2182 624 successerunt,
2226 573 2377 632 quae
2419 544 2489 613 ut

365 660 441 718 ad
484 680 640 718 nova
668 660 861 718 cultus
907 664 968 718 et
1011 659 1098 718 rei
1131 679 1327 719 sacrae
1356 680 1573 734 genera
1615 659 1802 732 magis
1834 663 2005 717 erant
2035 660 2487 732 accommodata,

363 766 452 824 ita
498 765 766 842 politiori
825 769 952 824 arte
997 769 1176 844 atque
1234 765 1516 824 ornatiori
1577 764 1873 839 elegantia
1932 784 2138 823 sensus
2181 766 2485 825 hominum

364 871 571 945 magis,
615 891 791 951 quam
818 871 1058 930 rudiora
1100 871 1210 929 illa
1253 891 1319 930 ac
1361 891 1527 930 casca
1556 870 1931 929 delectabant
1974 891 2289 952 eorumque
2324 872 2483 931 noti-

364 979 511 1037 tiam
556 998 742 1055 paene
788 978 1082 1037 tollebant
1126 997 1202 1037 ex
1244 977 1550 1036 hominum
1595 975 1890 1035 memoria.

1145 1317 1564 1370 CAPUT
1606 1317 1681 1369 1.

510 1515 850 1591 PAMPHI
889 1515 1201 1591 NOMEN
1244 1516 1482 1592 UNDE
1522 1516 2117 1594 DERIVANDUM
2161 1516 2321 1593 SIT.

486 1716 783 1777 Usitatior
821 1717 998 1774 huius
1037 1717 1294 1775 nominis
1341 1719 1530 1776 forma
1565 1719 1803 1778 videtur
1834 1737 1963 1776 esse
1999 1711 2309 1795 Πάμφως,
2355 1737 2477 1776 nou

366 1818 670 1902 Πάμφοςς
714 1843 852 1882 nam
898 1839 1004 1899 pro
1042 1839 1126 1893 ea,
1172 1841 1322 1900 quae
1367 1824 1548 1882 semel
1592 1824 1842 1882 occurrit
1881 1824 1948 1881 in
1977 1823 2275 1898 Hesychio
2307 1824 2474 1900 (edit.

358 1929 641 1987 Schmidt.
665 1930 784 1987 III.
808 1949 868 2005 p.
896 1933 1053 1987 263:
1083 1926 1439 2006 Παμφιίῑες,
1464 1935 1740 2001 γυναῖκες
1763 1924 2107 2007 Ἀθήνησιν
2128 1925 2163 1984 o’
2178 1924 2254 1986 πὸ
2287 1923 2476 2004 Hap-

358 2053 480 2112 q-ov
516 2028 584 2091 τὸ
613 2031 785 2110 γὲνος
812 2030 1086 2109 ἔχουσαι)
1135 2026 1335 2107 Πόμᾳ
1350 2050 1423 2089 ov
1447 2033 1857 2104 declinatione,
1872 2049 2104 2113 quaque
2126 2035 2193 2092 F.
2214 2038 2285 2093 A.
2307 2035 2476 2095 Wol-

353 2139 483 2209 fiuS‚
527 2140 908 2210 MatthiaeuS,
953 2137 1058 2196 alii
1090 2139 1426 2208 utebantur,
1472 2140 1744 2198 omnibus
1787 2140 1933 2199 locis
1964 2140 2295 2199 Pausaniae
2324 2141 2473 2216 legi-

356 2248 453 2302 tur
486 2239 779 2323 Πιὶμᾳ-ως
826 2244 929 2324 [cf.
959 2246 1010 2302 I.
1046 2249 1148 2314 38,
1182 2249 1255 2314 33
1295 2243 1345 2301 I.
1381 2249 1483 2315 39,
1522 2250 1585 2317 13
1627 2245 1768 2303 VII.
1804 2252 1903 2317 21,
1936 2251 2005 2318 83
2051 2245 2224 2304 VIII.
2258 2252 2362 2318 35,
2405 2251 2476 2319 73

354 2349 463 2407 IX.
499 2352 599 2420 27,
633 2355 669 2406 2
704 2354 767 2408 et
799 2355 900 2419 29,
950 2355 987 2407 3
1022 2353 1082 2408 et
1115 2355 1215 2420 35,
1255 2347 1335 2427 1.]
1383 2355 1445 2409 et
1489 2351 1787 2424 genitivus
1822 2346 2082 2428 Πάμφω
2112 2352 2208 2410 bis
2237 2357 2474 2414 tantem

355 2456 512 2531 apud
542 2456 792 2513 eundem
821 2455 936 2513 IX.
971 2460 1070 2525 29,
1105 2459 1139 2514 3
1175 2460 1237 2515 et
1269 2461 1371 2527 31,
1419 2461 1455 2515 6
1488 2458 1560 2515 cf.
1591 2453 1942 2515 Philostrat.
1989 2457 2224 2518 Heroic.
2254 2477 2311 2535 p.
2346 2461 2473 2517 666

355 2559 651 2637 (Μαι-611.)
1204 2550 1211 2560 ’
2363 2579 2370 2586 ·

485 2666 631 2725 Cum
677 2683 827 2745 quae
873 2666 947 2725 de
988 2667 1100 2724 hoc
1141 2671 1318 2742 poeta
1361 2668 1715 2739 referuntur,
1760 2668 1934 2727 valde
1965 2685 2171 2727 manea
2200 2667 2325 2727 sint
2365 2673 2465 2728 at·

353 2792 467 2851 que
511 2774 755 2831 obscura
797 2791 989 2852 neque
1031 2772 1190 2830 inter
1233 2791 1297 2831 se
1343 2773 1563 2852 ubique
1606 2774 1979 2846 conveniant,
2023 2774 2199 2833 facile
2226 2774 2471 2834 intelle-

351 2877 528 2953 gitur,
574 2879 677 2957 qui
705 2879 836 2937 fieri
866 2878 1144 2955 potuerit,
1192 2879 1262 2936 ut
1304 2877 1422 2937 viri
1456 2874 1812 2955 ἐτι-μολόγοι
1845 2879 1911 2938 in
1941 2873 2324 2940 hoc‘nomine
2348 2899 2470 2940 non

350 2984 495 3043 certi
526 2984 824 3043 cuiusdam
871 2989 1101 3061 poetae,
1146 2984 1252 3042 sed
1293 2985 1494 3061 potius
1541 2985 1787 3043 alicuius
1831 2986 2061 3059 generis
2106 2987 2302 3062 poesis
2349 2987 2467 3061 sig-

348 3089 745 3149 nificationem
788 3090 1060 3149 invenire
1104 3089 1220 3148 sibi
1264 3090 1384 3149 visi
1428 3090 1567 3148 sint.
1626 3089 1755 3154 Quo
1784 3091 2006 3150 factum
2051 3097 2160 3163 est,
2201 3098 2273 3151 nt
2315 3092 2466 3150 mul-

350 3201 541 3254 torum
570 3199 879 3273 poetarum
905 3196 1228 3272 priscorum
1257 3196 1498 3253 nomina
1525 3213 1631 3273 per
1659 3196 1899 3270 longum
1922 3200 2154 3275 tempus
2184 3215 2304 3256 non
2332 3213 2465 3275 pro-

346 3302 479 3379 pria
505 3301 649 3359 filiis
680 3303 851 3360 modo
896 3301 1054 3359 natis
1085 3302 1446 3359 haberentur
1489 3302 1784 3379 imposita,
1828 3303 1934 3361 sed
1963 3307 2034 3361 ut
2077 3322 2222 3363 vere
2253 3303 2462 3380 appel-

346 3407 537 3466 lativa
580 3412 800 3466 certam
844 3410 1150 3483 poetarum
1195 3405 1442 3465 classem
1484 3408 1765 3467 denotare
1808 3409 2172 3468 viderentur.
2251 3409 2466 3487 Itaque

348 3512 467 3571 alia
510 3515 583 3572 ab
631 3512 767 3571 aliis
812 3531 1019 3588 passus
1077 3516 1169 3570 est
1209 3511 1512 3588 Pamphus
1556 3513 1697 3584 ille,
1749 3531 1923 3591 quem
1967 3514 2342 3592 etymologiis
2386 3533 2465 3573 ex

349 3597 770 3679 diversissimis
813 3617 1034 3692 linguis
1078 3617 1287 3694 petitis
1331 3618 1603 3677 certatim
1647 3619 1721 3678 de
1763 3620 1958 3679 medio
2003 3621 2217 3679 tollere
2261 3620 2463 3679 stude·

345 3725 509 3782 bant.
597 3723 711 3782 Hic
750 3739 937 3799 pauca
979 3728 1212 3783 tantum
1255 3725 1664 3796 exhibeamus,
1706 3726 1920 3804 quibus
1963 3725 2261 3785 Sicklerus
2308 3725 2460 3805 [Ho-

346 3849 500 3889 mers
544 3829 816 3905 Hymnos
875 3845 950 3888 an
993 3829 1290 3889 Demeter.
1341 3830 1868 3905 Hildburghausen
1921 3830 2116 3910 1820]
2160 3851 2217 3909 p.
2268 3837 2350 3890 62
2397 3836 2461 3890 et

346 3933 676 4011 Pamphum
718 3938 898 4010 negat
940 3940 1003 3994 et
1046 3936 1194 3994 alios
1236 3935 1292 3994 ei
1339 3937 1614 4015 aequales
1644 3936 1828 3995 fuisse
1853 3941 2082 4013 poetas.
2157 3937 2286 4000 Quo
2331 3937 2459 3996 loco

345 4059 559 4099 nomen
600 4037 856 4118 Pamphi
889 4060 964 4099 ex
994 4039 1306 4100 Hebraicis
1337 4042 1644 4101 vocubulis
1676 4057 1713 4106 tn.
1749 4059 1789 4119 ξ
1824 4060 1861 4132 ς
1907 4065 1973 4096 r:
2013 4048 2335 4114 concutere,
2363 4061 2456 4101 re-
